3906 6180
841 324 897 379 titt.
919 324 1024 379 ttulit..
1044 322 1121 383 stit.
1143 324 1270 382 botru·
1806 332 1861 388 tta

1024 448 1053 507 Α
1065 439 1164 493 trustra
1179 440 1223 494 sit.
1242 440 1300 509 Quo
1313 440 1360 508 lit;
1376 450 1405 497 ut
1418 442 1533 514 siquem
1547 442 1641 501 videas
1652 444 1764 518 adipisci
1777 446 1860 511 selle,

1061 536 1133 609 quod
1157 538 1269 594 minime
1287 538 1466 609 adipiscatur,
1480 540 1543 597 lruic
1563 540 1704 599 obtinendi
1719 542 1792 615 quod
1810 558 1861 598 ro-

1060 627 1153 695 luerit,
1165 628 1308 687 dciuissee
1325 634 1470 689 ualentiam
1484 633 1543 708 (lai)
1558 634 1682 693 dubitare
1696 652 1750 693 non
1761 638 1860 710 possis.

1060 719 1237 792 Perspicuum
1252 733 1305 789 est,
1327 724 1447 795 inquam,
1467 741 1519 782 nec
1538 726 1593 782 uilo
1611 727 1693 784 modo
1706 730 1798 801 negari
1814 747 1862 801 po-

1061 820 1124 868 test.
1140 814 1225 882 Quem
1236 827 1303 870 tero
1313 814 1437 873 edecissc
1451 818 1522 889 quod
1536 819 1661 882 voluerit,
1676 819 1780 887 rideas,
1795 837 1861 879 num

1063 904 1144 960 etiatu
1156 907 1277 977 potuisse
1292 905 1445 965 dubitabis?
1454 909 1573 967 llinime.
1584 910 1660 978 Quod
1673 925 1737 968 reno
1748 914 1862 984 quisque

1061 1006 1161 1067 potest,
1181 999 1207 1054 iu
1219 1014 1252 1056 eo
1265 1001 1388 1067 salidus;
1404 1002 1477 1073 quod
1490 1018 1555 1060 nero
1577 1019 1630 1060 non
1648 1014 1748 1076 potest,
1762 1007 1789 1062 in
1810 1007 1863 1064 buc

1062 1088 1205 1147 imbecillis
1218 1106 1280 1150 esse
1290 1094 1444 1151 censendus
1458 1106 1510 1151 est.
1524 1097 1606 1170 265
1617 1096 1725 1165 Fateor,
1739 1101 1859 1172 iuquam.

1062 1182 1245 1242 bleministine
1269 1186 1363 1256 igitur,
1385 1189 1483 1260 inquit,
1503 1192 1689 1262 superioribus
1712 1195 1861 1251 nationibus

1063 1290 1124 1331 esse
1141 1277 1303 1343 ‘collectum
1320 1281 1498 1340 intentionem
1518 1299 1627 1343 omnem
1645 1287 1791 1344 voluntatis
1811 1290 1862 1345 bu·

1064 1382 1162 1438 mauu,
1178 1384 1239 1440 qum
1257 1371 1373 1429 dirersis
1392 1375 1489 1433 studiis
1503 1379 1602 1448 agitur,
1621 1379 1656 1436 ad
1668 1379 1862 1440 beatitudinem

213 326 263 383 titt

212 438 248 497 2⁰
317 437 450 509 Orbisque
464 437 582 494 habenas
596 442 741 506 temperat,

284 538 317 589 itt
331 532 469 587 uolucrem
484 544 593 585 eurtum
607 528 712 585 stabilis
725 529 805 601 regit,

323 625 421 681 llerrrm
432 636 563 679 coruscus
573 622 685 679 arbiter.

190 718 195 761 ³
284 725 342 781 llue
355 734 382 781 te
394 724 417 781 si
429 723 557 781 reducem
572 721 673 780 reserat
687 723 741 788 nia,

319 818 405 886 Quam
419 832 489 873 nunc
506 815 623 887 requirit
636 817 790 883 immemor,

210 908 248 967 ts
285 908 348 965 iiaee
361 909 444 973 dices,
460 909 581 976 memini,
597 908 685 979 patria
696 915 739 964 est
750 905 827 973 milti,

319 1004 388 1060 llino
402 1012 488 1073 ortus,
505 1005 548 1061 iric
561 1005 655 1059 sistam
668 1003 791 1074 gradum.

282 1096 360 1161 Quod
375 1096 398 1151 si
415 1105 547 1152 terrarum
562 1097 668 1166 placeat
682 1094 731 1151 tibi

318 1189 429 1246 lioctem
446 1191 571 1246 relictam
585 1191 686 1258 risere,

318 1282 398 1355 263
413 1283 486 1351 Quos
498 1284 589 1339 miseri
603 1292 696 1339 torvos
709 1278 800 1353 populi
816 1279 922 1341 timent,

210 1374 246 1433 tto
319 1380 420 1433 cernes
436 1388 566 1450 tyrannos
583 1376 704 1433 exsules.

476 1488 558 1563 20ss
579 1487 693 1544 pposg
712 1486 747 1541 pp,
1064 1464 1208 1523 iestiuarei
1224 1469 1345 1536 llomini,
1361 1471 1481 1544 inquam,
1496 1474 1524 1530 id
1542 1491 1649 1546 quoque
1670 1492 1732 1535 esse
1747 1478 1860 1537 demon.

209 1584 407 1643 Αιιιιιιιιτιιι.
427 1613 464 1626 -·
485 1582 527 1639 Es
552 1581 683 1655 praedietis
707 1578 880 1648 Pitilosopbia
904 1576 1013 1630 tiettton-
1065 1567 1190 1617 stratum.
1210 1561 1279 1618 Num
1304 1567 1456 1622 ῐθθῡῐιίιῐῑι
1476 1566 1668 1625 beatitudinem
1691 1571 1778 1641 ipttttn
1801 1587 1863 1630 esse

239 1664 315 1724 strat,
327 1656 450 1729 etprobos
462 1662 618 1726 potenter,et
630 1650 993 1721 improbosimpotenteaesse·
1064 1653 1174 1720 bonum,
1189 1656 1231 1728 (5)
1243 1672 1331 1728 eoque
1352 1657 1435 1713 modo
1457 1674 1517 1715 curu
1536 1660 1674 1717 beatitudo
1698 1664 1807 1733 petitur,
1828 1666 1863 1723 an

202 1771 214 1783 ··
246 1738 1010 1817 'rumeqo‚¹papae,inquam,tutmagnapromittis!
1066 1749 1863 1827 omnibusdesideranibonumillinime,inquam‚recor·
1893 1798 1898 1805 -

208 1852 262 1898 noc
276 1838 369 1896 dubito
382 1840 448 1911 quin
460 1839 551 1911 possis
560 1840 689 1896 eilioero:
707 1845 736 1892 tu
747 1836 828 1893 tnodo
841 1850 922 1907 quem
938 1834 1011 1891 exci-
1025 1830 1051 1892 B
1064 1841 1124 1910 dor,
1134 1845 1260 1911 quoniam
1273 1845 1300 1900 id
1316 1846 1456 1902 memoriae
1468 1848 1551 1904 lixum
1566 1859 1657 1905 teneo.
1668 1848 1771 1907 Omnes
1782 1852 1863 1923 igitur

209 1933 326 2003 tatoris,
337 1931 397 1990 neb
412 1934 535 1990 moreris.
552 1932 694 1988 ’Primum
714 1930 806 2002 igitur,
819 1930 916 2001 inquit,
933 1931 1013 1988 bonis
1064 1936 1187 1992 immines
1200 1937 1264 1994 boni
1279 1938 1391 2008 pariter,
1407 1954 1439 1995 ac
1453 1941 1528 2007 mali,
1545 1941 1692 1999 indiscreta
1712 1943 1864 2002 intentione

209 2038 320 2097 semper
330 2024 427 2082 adesso
443 2026 602 2095 potentiam,
619 2024 707 2081 malos
720 2024 827 2081 cunetis
840 2024 1014 2082 viribusesse
1064 2031 1098 2086 ad
1119 2030 1221 2087 bonum
1237 2033 1379 2103 peruenire
1400 2033 1537 2089 nituntur?
1558 2035 1608 2100 lta,
1631 2034 1752 2107 inquam,
1767 2051 1864 2094 conse·

208 2114 348 2183 desertos‚
363 2132 496 2188 agnoscas
510 2117 601 2172 iicebit
617 2130 751 2187 :quornm
768 2115 885 2171 alterum
901 2115 1014 2172 demon·
1063 2137 1150 2193 quens
1170 2133 1221 2178 ent.
1244 2123 1299 2179 Sed
1317 2132 1421 2180 certum
1444 2135 1496 2191 est,
1516 2126 1659 2198 adeptione
1679 2127 1754 2195 boui,
1777 2129 1864 2187 bonos

208 2218 312 2267 stratur
326 2212 366 2283 (ὅ)
382 2227 416 2266 es
435 2211 531 2267 attero.
556 2210 622 2267 llam
640 2225 703 2265 cum
734 2210 835 2265 nonum
856 2208 1014 2282 malumque
1064 2218 1133 2274 neri.
1152 2218 1274 2275 certum.
1297 2218 1492 2289 Adipiscuntur
1507 2220 1564 2292 (ιι)
1587 2220 1669 2292 igitur
1693 2222 1767 2287 bont,
1791 2223 1864 2295 quod

208 2304 344 2360 contraria
361 2307 426 2367 sint,
448 2304 471 2358 si
490 2303 590 2359 bonum
608 2312 704 2371 potens
718 2316 780 2358 esse
795 2301 959 2373 constiterit,
976 2304 1013 2359 li·
1064 2312 1215 2382 appetunt?
1236 2310 1282 2366 Sic
1296 2311 1413 2367 videtur.
1431 2310 1492 2367 llali
1511 2314 1614 2368 verosi
1636 2313 1862 2385 adipiscerentur,

208 2411 274 2473 quet
287 2400 459 2457 imbecillitas
472 2399 537 2455 mali
548 2408 592 2467 :at
606 2399 630 2455 si
644 2398 776 2471 iragilitas
790 2398 924 2454 clarescat
937 2399 1011 2468 mali,

209 2492 275 2551 boni
290 2494 404 2549 llrmitas
418 2502 481 2548 nota
496 2501 548 2549 est.
564 2492 618 2548 Seri
639 2491 677 2547 uti
701 2499 801 2547 nostras
814 2492 966 2557 sententiae,
980 2490 1013 2547 n-

208 2588 259 2645 des
271 2586 453 2643 abundantior
468 2585 515 2650 sit,
533 2585 665 2640 alterutro
681 2581 751 2639 calle
766 2583 922 2653 procedam,
938 2598 1011 2639 nunc

208 2678 294 2747 ltine,
311 2695 382 2735 rtunc
399 2677 462 2734 inde
484 2676 622 2747 proposita
642 2676 819 2732 eonilrntans.
833 2675 844 2707 ⁸
856 2676 916 2732 l>uo
936 2687 1009 2743 sunt,

208 2774 308 2847 quibus
321 2773 411 2829 omnis
427 2770 608 2826 bumanorum
625 2770 682 2841 (iil)
697 2779 805 2825 actuum
824 2778 930 2825 constat
947 2769 1012 2826 elie·

209 2875 290 2934 etus3
304 2866 428 2922 noitrntas
444 2864 557 2929 scilicet,
570 2877 602 2917 ac
615 2871 734 2932 potestas
746 2880 753 2915 :
764 2878 879 2934 quorum
893 2862 917 2919 si
929 2863 1011 2920 alter·

209 2972 302 3019 utrum
320 2958 407 3027 desit,
433 2958 502 3015 ninii
522 2967 564 3014 est
586 2957 658 3029 qnod
678 2957 808 3029 explicari
828 2967 920 3031 queat.
939 2956 1011 3013 bell·

1064 2405 1134 2476 quod
1157 2407 1289 2473 appetunt
1312 2407 1422 2474 bonum,
1449 2405 1513 2461 mali
1533 2420 1595 2462 esse
1615 2421 1668 2462 non
1688 2416 1811 2475 possent.
1825 2408 1864 2469 litt

1064 2505 1116 2553 est.
1130 2496 1197 2552 Cum
1211 2498 1293 2568 igitur
1303 2500 1411 2569 utrique
1425 2498 1524 2553 bonum
1537 2507 1641 2568 petant,
1651 2499 1700 2555 sed
1715 2500 1742 2554 nt
1754 2500 1863 2572 quident

1064 2589 1247 2660 adipiscantur
1270 2590 1308 2647 illi
1327 2606 1391 2647 vero
1411 2592 1538 2659 minime;
1552 2605 1606 2647 non
1620 2591 1731 2648 dubium
1747 2604 1789 2649 est
1814 2594 1862 2649 bo·

1064 2697 1115 2739 nos
1125 2683 1233 2755 quidem
1249 2692 1373 2754 potentes
1387 2698 1460 2751 esse,
1476 2685 1521 2754 qui
1535 2695 1600 2740 tero
1611 2684 1674 2740 mali
1687 2694 1762 2753 sunt,
1777 2685 1861 2742 unbe-
1894 2722 1903 2735 -

1063 2775 1151 2831 cilles.
1182 2775 1319 2847 Quisquis,
1345 2774 1464 2845 inquam,
1489 2774 1605 2841 dubitat,
1628 2792 1679 2833 nec
1699 2772 1861 2850 aemili]

1063 2876 1198 2933 naturam,
1218 2884 1269 2924 nec
1284 2870 1507 2939 consequentiam
1526 2878 1617 2941 potest
1629 2870 1802 2927 considerare
1817 2885 1862 2927 ra-

1063 2963 1179 3019 tionum.
1192 2962 1203 2994 *
1218 2963 1323 3019 litrrsus
1337 2964 1441 3034 inquit:
1456 2962 1484 3019 Si
1498 2963 1553 3020 duo
1565 2965 1631 3031 sint,
1650 2964 1747 3035 quibus
1762 2961 1861 3020 idemi

209 3056 299 3113 ciente
313 3054 413 3111 etenim
428 3052 578 3119 voluntate,
595 3065 630 3107 ne
644 3049 800 3122 aggreditur
813 3052 923 3124 quidem
937 3052 1011 3123 quis·
1063 3055 1214 3112 secundum
1231 3063 1354 3112 naturam
1376 3057 1542 3127 propositum
1564 3058 1610 3125 sit,
1629 3071 1773 3128 eorumque
1788 3072 1860 3114 unus

208 3162 263 3223 que
283 3147 354 3220 quod
377 3162 430 3203 uon
454 3143 512 3202 vult
525 3161 531 3200 :
544 3151 573 3198 at
594 3144 617 3200 si
632 3152 752 3215 potestas
775 3145 856 3213 absit,
885 3143 1011 3203 voluntas
1063 3149 1179 3205 naturali
1202 3148 1291 3207 cilicio
1318 3148 1436 3219 idipsum
1452 3159 1513 3221 agat
1533 3158 1615 3222 atque
1634 3148 1773 3222 periciam
1789 3150 1859 3209 alter

887 3278 1178 3339 ιιιιιιιιιιτιι.
1220 3271 1223 3279 “

209 3402 350 3473 quiescam.
363 3398 402 3455 Ex
416 3413 468 3470 qua
483 3397 548 3453 sede
560 3396 583 3451 si
593 3396 703 3451 uolttent
715 3402 860 3449 conuoure
871 3394 959 3449 oculor
971 3394 1006 3447 nd
1019 3396 1042 3458 c
1098 3404 1111 3430 a
1127 3396 1239 3461 Quanta.

207 3472 325 3527 terebros
342 3480 484 3527 terraram.
501 3482 566 3538 quos
588 3466 737 3530 detersisti,
756 3465 851 3520 uidebis
872 3472 1005 3536 tyrannos,
1095 3466 1111 3504 i
1130 3465 1265 3521 lietardea.

208 3558 275 3611 quos
282 3551 368 3613 gentes
376 3541 475 3612 afflietio
487 3548 601 3595 ntetttttnt
615 3538 666 3592 sibi
676 3537 802 3605 inientes,
813 3551 846 3592 cx
860 3536 909 3592 bac
920 3537 1006 3607 patria
1098 3549 1109 3573 ι
1126 3536 1293 3592 Potestutem.

208 3615 303 3688 ejectos
319 3612 445 3667 emulare.
1092 3609 1105 3645 ¹¹
1122 3606 1163 3663 En
1177 3609 1298 3663 inttt'trettt
1310 3616 1418 3663 nature.

976 3750 1088 3809 libum.

208 3887 293 3943 nrs,a
312 3886 366 3943 quo
378 3868 458 3926 etiam
475 3866 509 3922 ad
527 3858 612 3921 ileum
635 3873 744 3935 propter
762 3867 906 3937 quamdam
921 3882 1006 3937 trutpe-
1097 3872 1108 3901 ¹
1125 3868 1243 3923 i’tiutunr
1267 3870 1357 3939 iqittt'r,
1379 3864 1634 3996 etczal‘lrilosopbia
1650 3865 1774 3937 proponit
1785 3868 1857 3941 quod

208 3946 288 4005 nodi
301 3941 506 3999 similitudinem
523 3939 693 3993 transfertur.
780 3973 784 3983 ·
1061 3939 1113 3994 sibi
1130 3940 1156 3994 iu
1173 3940 1223 3996 ltac
1246 3943 1368 3997 oratione
1383 3956 1432 4010 pro
1470 3939 1551 3995 ndum
1576 3938 1717 4003 incumbit,
1732 3939 1858 3998 uidelicet

244 4015 290 4074 2⁰.
307 4014 382 4070 (iniit
403 4008 539 4081 iubenes]
554 4009 738 4065 similitudine
751 4019 857 4078 sumpta
869 4009 903 4064 ab
916 4012 1003 4075 equis,
1061 4021 1090 4066 et
1106 4011 1203 4080 probos
1223 4021 1347 4080 potentes
1360 4021 1389 4069 et
1408 4012 1546 4082 improbos
1568 4011 1747 4080 impotentes:
1763 4010 1790 4066 id
1809 4025 1857 4067 au-

208 4102 278 4161 quos
292 4084 404 4142 habenis
417 4086 469 4139 truc
483 4081 601 4152 illucque
615 4081 754 4135 adnutum
770 4082 920 4136 llectimus:
937 4081 1007 4137 lirun
1063 4092 1116 4137 tem
1147 4082 1271 4151 probabit
1299 4084 1395 4153 tripiici
1422 4092 1641 4155 argumentorum
1665 4076 1775 4153 ge'nere,
1796 4098 1857 4155 quas

208 4156 411 4247 qnippeomnia
428 4156 467 4209 sic
481 4153 561 4223 regit,
577 4160 607 4208 ut
619 4152 722 4219 outnia,
738 4167 897 4223 quocunque
911 4155 1007 4208 uoltto·
1061 4155 1221 4209 contrairerc
1232 4156 1397 4209 conabimur.

207 4241 255 4298 ιιι.
270 4237 440 4287 moveantur.
1099 4224 1182 4278 *buo
1202 4236 1272 4284 snut.
1288 4224 1353 4298 etc]
1367 4227 1387 4281 l.
1403 4225 1562 4295 Argumenti
1577 4239 1671 4296 genus.
1693 4225 1853 4297 Quicunque

244 4304 291 4359 2i.
310 4300 447 4355 Volucrem
470 4292 603 4366 carrum]
623 4295 728 4351 Attrtor
742 4293 848 4349 ridetur
867 4296 1005 4365 speciatim
1062 4294 1145 4351 bomo
1161 4295 1187 4351 id
1199 4297 1357 4366 adipiseitur
1368 4297 1440 4367 quod
1451 4298 1517 4363 vult,
1530 4296 1554 4352 is
1565 4307 1715 4368 potensest
1727 4297 1856 4368 :quicun-

209 4374 363 4443 lntelligere
374 4385 483 4425 onmem
494 4366 600 4422 mobilis
613 4367 675 4423 coeli
689 4367 795 4430 orbent,
807 4368 955 4437 generatim
968 4377 1008 4423 ta·
1062 4382 1114 4437 qne
1130 4382 1196 4422 vcro
1213 4370 1271 4422 vult
1284 4367 1397 4437 aliquid,
1413 4368 1485 4438 quod
1508 4382 1565 4423 non
1587 4367 1755 4436 adipiseitur,
1778 4368 1801 4424 is
1813 4376 1856 4424 est

208 4459 273 4503 men
287 4445 431 4499 uttiversus
443 4440 559 4495 mundns
571 4452 720 4508 corporeus
735 4437 788 4493 dici
804 4449 892 4507 potest
906 4439 1007 4494 uoitteet
1062 4439 1198 4509 impotens
1211 4455 1217 4492 :
1234 4440 1306 4509 qunrl
1325 4438 1438 4495 ellectus
1457 4438 1600 4505 ltumanus,
1618 4437 1689 4494 unde
1711 4442 1771 4508 quis
1784 4439 1856 4508 judi·

208 4510 604 4583 mnnseqninruutmumtus
630 4510 675 4564 ille
693 4511 727 4564 sit
749 4509 835 4564 moles
853 4510 921 4565 adeo
942 4526 1008 4565 con·
1061 4520 1138 4565 catur
1180 4525 1241 4563 esso
1275 4511 1316 4565 uel
1349 4526 1401 4565 non
1436 4525 1496 4565 esse
1533 4519 1646 4579 potens,
1675 4510 1854 4564 necessitudi-

208 4588 303 4652 icrta;
327 4584 395 4639 nibil
419 4595 447 4637 ιιι
476 4582 512 4637 sit
542 4580 597 4635 illic
621 4581 719 4647 uacui,
748 4589 891 4650 propterea
917 4583 1123 4683 nullusDnetu
1152 4582 1250 4637 babeat
1270 4597 1331 4637 cum
1353 4582 1489 4636 voluntate
1515 4592 1543 4635 et
1567 4590 1712 4649 potestate,
1741 4595 1854 4649 quarum

209 4658 241 4715 tn
261 4659 287 4713 in
307 4658 408 4711 mundo
423 4662 528 4719 motus,
544 4655 608 4723 quin
628 4652 693 4707 inibi
718 4652 763 4706 irat
784 4652 905 4707 materias
926 4667 1006 4709 motae
1060 4662 1173 4719 utraque
1194 4662 1236 4707 cst
1258 4651 1286 4707 iu
1302 4653 1399 4719 traiano,
1419 4652 1545 4708 etaltera
1567 4661 1669 4707 tantum
1692 4654 1853 4706 insecundo

211 4728 353 4785 circuitus.
1060 4725 1107 4777 illo
1121 4723 1241 4779 bomine.
1256 4724 1333 4793 dtqni
1356 4726 1437 4778 ltomo
1450 4725 1550 4792 probus
1568 4722 1594 4778 id
1607 4723 1767 4794 adipiscitur
1779 4723 1851 4791 qnod

245 4800 282 4856 ιι
292 4810 320 4853 et
334 4800 377 4854 ott.
396 4795 493 4850 Temos
511 4792 658 4865 tyrannos]
680 4793 800 4855 Torvus,
817 4810 831 4847 a
856 4794 1006 4865 torquendo
1059 4794 1134 4848 vult:
1149 4795 1288 4863 improbus
1300 4810 1364 4850 uero
1378 4794 1449 4865 quod
1463 4795 1519 4848 uult
1530 4807 1585 4848 non
1601 4793 1757 4862 adipi-citur
1771 4807 1853 4849 :cum

209 4870 307 4931 dictus.
325 4870 370 4923 ille
384 4876 425 4921 est
442 4867 489 4936 qui
507 4864 583 4919 vultu
597 4867 639 4917 sel
658 4866 747 4933 potins
765 4864 852 4921 oculis
873 4870 952 4921 tortis
966 4868 1006 4920 in-
1059 4876 1172 4934 uterquc
1186 4880 1262 4920 suam
1277 4866 1342 4921 velit
1359 4866 1562 4929 beatitudinem,
1578 4878 1658 4934 qnam
1670 4863 1780 4932 probus,
1798 4880 1852 4919 nnn

209 4941 340 4997 terinrem
356 4937 454 4991 ittruris
483 4948 584 4991 nautum
600 4935 637 4989 ita
657 4936 806 5005 signiticat,
823 4947 852 4991 ut
869 4938 1006 4993 tuentibus
1061 4935 1201 5001 improbus
1217 4936 1374 5007 adipiscitur
1387 4955 1393 4988 :
1408 4936 1539 5006 siquidem
1561 4946 1591 4990 ut
1612 4935 1697 4989 bonus
1717 4949 1769 4988 non
1785 4935 1853 4988 ttici-

210 5013 248 5066 ait
262 5010 390 5066 terribilis
403 5026 410 5062 t
425 5008 488 5063 irinc
500 5014 593 5061 taurus
608 5006 756 5073 praesertim
773 5015 864 5061 tortos
878 5009 1004 5074 ltabetnr,
1061 5017 1104 5061 ιιι·
1118 5008 1169 5062 nisi
1183 5008 1328 5077 adeptione
1342 5007 1405 5062 boni
1427 5008 1534 5074 summi,
1551 5005 1586 5061 ita
1606 5007 1692 5060 ntalus
1712 5020 1765 5058 non
1781 5003 1850 5060 dici-

208 5083 282 5151 quod
295 5079 394 5136 animal
409 5078 474 5134 illud
489 5078 589 5145 saepius
605 5079 674 5129 batte
688 5078 801 5132 turmam
817 5078 920 5133 indunt.
931 5079 1004 5149 llirg.
1060 5088 1104 5132 tur
1117 5079 1169 5133 nisi
1186 5080 1334 5146 privatione
1347 5077 1468 5147 ejrtsderu
1482 5079 1556 5132 boni.

209 5154 309 5223 Georg.
334 5166 387 5206 ru:
409 5148 513 5218 Optimo
534 5157 612 5201 tortae
635 5148 721 5217 {oritate
741 5146 831 5216 bonini
847 5150 930 5204 Porro
944 5164 1006 5204 cunt
1095 5146 1220 5204 ‘Rursus
1240 5151 1263 5204 si
1280 5152 1332 5204 tino
1351 5151 1413 5209 rint,
1434 5148 1499 5221 etc]
1515 5148 1548 5203 ll.
1572 5147 1728 5217 argumenti
1753 5162 1849 5216 genus.

209 5225 298 5289 essuri,
312 5224 370 5278 site
389 5230 419 5276 ut
433 5219 554 5275 nonnulii
575 5219 709 5283 scribunt,
722 5219 792 5272 eaaot
806 5219 914 5274 dicatur
928 5221 1005 5289 quasi
1060 5219 1100 5274 Ea
1117 5221 1233 5283 duobus,
1249 5220 1346 5290 quibus
1356 5222 1391 5275 nb
1406 5223 1465 5290 ipso
1485 5228 1586 5274 naturae
1600 5229 1709 5273 auetote
1721 5228 1852 5275 ettnstttu-

208 5308 244 5352 ιιι
260 5298 318 5351 solo
333 5294 391 5348 site
405 5292 490 5361 patria
505 5288 613 5361 pulsus,
627 5302 743 5358 cumque
758 5294 863 5360 tyranni
883 5295 910 5344 in
926 5292 1007 5346 terris
1059 5297 1116 5344 tum
1127 5301 1169 5345 est
1181 5290 1272 5362 aliquo
1288 5292 1411 5355 tendere,
1427 5292 1449 5345 si
1465 5291 1578 5347 alterum
1589 5290 1680 5344 oiilcio
1694 5305 1801 5359 parens,
1820 5293 1853 5345 il·

208 5366 360 5423 habitantes
372 5378 407 5418 et
422 5362 481 5417 solo
503 5362 560 5415 sive
581 5359 670 5428 potius
683 5361 764 5426 coelo,
780 5362 865 5430 patria
884 5376 932 5416 sua
949 5363 1008 5415 rel·
1060 5360 1105 5415 luc
1117 5361 1224 5426 tendam
1240 5362 1354 5417 alterum
1367 5361 1503 5416 aboiticio
1516 5360 1650 5416 decedens
1661 5370 1707 5415 aut
1720 5371 1851 5423 moretur,

208 5437 249 5493 uti
275 5435 379 5508 expulsi
407 5434 482 5497 sint,
508 5432 569 5486 ideo
589 5430 675 5486 videri
701 5443 812 5501 possunt
830 5432 948 5488 exsules.
966 5432 1007 5488 Ad
1060 5439 1107 5485 aut
1122 5441 1196 5487 certe
1217 5433 1270 5486 alio
1286 5434 1423 5498 deflectat,
1440 5435 1513 5502 prins
1528 5441 1633 5499 potens,
1648 5433 1785 5502 posterius
1800 5434 1852 5485 int·

209 5506 294 5563 liebr.
309 5522 355 5563 ιιι
367 5522 374 5559 t
388 5504 448 5559 Non
463 5502 585 5557 babentes
596 5501 636 5555 irie
650 5512 794 5557 manentem
808 5504 947 5572 ciuitatem,
961 5504 1005 5557 sed
1060 5511 1157 5572 potens
1180 5502 1274 5558 baberi
1296 5505 1376 5560 debet
1396 5519 1475 5557 :cum
1494 5506 1567 5557 enirn
1585 5504 1705 5573 potentia
1732 5504 1797 5557 nituit
1818 5506 1853 5557 sit

209 5578 325 5647 {uturum
338 5578 502 5643 iuquirtrntts.
1059 5573 1142 5641 aliud,
1156 5588 1235 5643 quam
1250 5576 1393 5629 instinctus
1415 5575 1460 5629 ille
1480 5574 1514 5627 ab
1528 5585 1639 5629 auctore
1653 5582 1755 5629 uatum.
1775 5588 1851 5627 ueto·

246 5648 254 5679 ¹
277 5645 486 5772 PapaekPupoe,
503 5646 560 5701 site
573 5651 603 5699 ut
613 5644 732 5713 loquitur
743 5643 854 5700 Platttus
869 5645 948 5708 baba,
963 5654 1006 5700 est
1058 5653 1131 5715 ptus,
1146 5643 1272 5713 potentiae
1287 5654 1330 5702 est
1343 5649 1495 5714 peruenire,
1515 5645 1708 5701 imbecillitatis
1722 5661 1776 5700 nnn
1792 5659 1852 5709 ptor-

209 5716 362 5787 lnterjeetin
395 5717 571 5772 ominirmira
585 5716 675 5771 subito
689 5717 863 5785 accipientis;
876 5717 961 5785 quod,
977 5726 1006 5771 ut
1057 5716 1151 5771 venire
1165 5730 1218 5783 quo
1239 5716 1311 5772 lieus
1329 5726 1409 5770 vocat
1423 5735 1429 5769 :
1445 5716 1484 5771 sic
1504 5730 1538 5771 cs
1560 5717 1665 5771 duolrus
1687 5717 1849 5779 bominibus,

209 5785 380 5857 conjicimus,
401 5789 443 5843 bac
456 5799 538 5841 uoces
550 5786 644 5855 primto
659 5786 723 5849 sint,
738 5800 807 5855 quat
820 5789 896 5855 pueri
914 5789 1004 5844 omnia
1057 5786 1156 5858 quibus
1169 5787 1204 5841 ab
1218 5788 1277 5856 ipsu
1292 5796 1396 5842 naturae
1409 5796 1520 5843 auctore
1533 5789 1710 5843 coustitutum
1720 5797 1763 5842 est
1777 5786 1850 5855 partit-

208 5866 241 5937 ut
257 5860 412 5925 ignorantes
424 5859 465 5917 sic
481 5856 645 5917 admirantes
660 5858 781 5925 prolerre
789 5856 913 5921 soleant.
1056 5857 1109 5915 bus
1122 5858 1272 5924 ambulare,
1285 5858 1310 5914 si
1322 5858 1391 5917 aiter
1403 5857 1493 5915 oiieio
1507 5858 1615 5914 iunctus
1632 5859 1764 5921 autbulet,
1783 5857 1851 5914 aiter
