3906 6180
94 321 149 380 {b'l

850 326 1035 383 DlCTlONES.

1664 313 1716 386 aas

92 449 173 495 ratur
186 455 194 494 z
205 439 274 506 eligo
289 451 429 507 pompam,
440 451 517 507 quam
534 436 651 507 probitas
662 437 771 493 delensa
785 449 876 508 parto·
893 441 1028 501 Aelamat
1048 439 1188 506 erantinis,
1201 439 1324 494 ditiorem
1336 453 1396 495 esse
1417 439 1613 508 quodammodo
1637 457 1651 495 a
1665 459 1717 509 qno

97 535 159 588 riet.
172 530 301 586 Procedat
320 541 411 583 eontra
426 529 671 599 eloquentissimum
693 530 778 585 virum
797 533 879 587 etele-

94 627 176 679 st'mm
192 623 283 677 lavore
297 623 395 675 munita
411 621 588 689 simplicitas:
604 622 637 676 de
651 621 746 677 fidncia
765 627 880 691 partium

96 723 250 768 nostrarum
279 712 363 765 oritur
396 711 467 777 quod
499 711 635 768 audemus.
659 713 712 768 llos
755 722 880 780 tantum,

96 806 234 875 principes
259 804 326 866 viri,
351 802 539 872 benignitatem
574 813 705 870 vestram,
733 806 805 859 salva
833 821 880 859 an·

96 900 165 950 rium
176 898 381 963 anlmoruntqne
395 894 516 947 cautione
527 903 650 962 presiate
663 912 670 946 a
685 911 719 950 ne
733 895 881 950 cotburnns

95 989 142 1042 ille
156 986 307 1054 sublimior,
323 987 378 1040 oris
400 983 524 1039 laenitate
538 999 590 1054 qua
612 985 753 1053 prevalet,
778 988 803 1041 in
819 1000 881 1055 pos·

95 1080 220 1136 sessione
241 1091 290 1131 soa
308 1077 401 1131 credat
416 1089 476 1130 esse
496 1076 645 1130 victoriam.
661 1076 728 1142 Quid
743 1085 785 1131 est
808 1077 879 1132 aliod

94 1173 225 1228 adversus
235 1171 294 1239 ejus
307 1171 420 1237 inipetus
431 1185 478 1223 nos
487 1167 591 1236 jurare,
603 1169 653 1224 nisi
666 1170 879 1239 peregrinantem

96 1265 227 1320 reducere
242 1271 301 1332 post
316 1261 456 1315 intervalia
467 1261 613 1330 justitam?

129 1351 304 1421 Principium.
332 1351 498 1416 Gauderem,
524 1353 675 1420 cognitores
700 1352 878 1422 amplissimi,

94 1445 216 1503 evasisse
241 1457 284 1497 me
306 1441 431 1510 pedorem
455 1442 580 1506 carceris,
609 1442 696 1496 vinela
719 1442 879 1510 piratarum,

93 1538 147 1593 nisi
170 1549 294 1604 regresso
306 1534 370 1588 milti
394 1549 586 1604 myoparonum
609 1534 669 1588 loeo
686 1544 760 1602 pater
783 1534 881 1588 existe·

93 1635 146 1684 rel.
175 1626 276 1692 Quaerit
300 1639 314 1678 a
339 1639 381 1678 me
407 1626 551 1688 alimenta,
576 1639 654 1693 quem
684 1638 733 1679 nec
759 1638 823 1677 auro
847 1623 880 1676 ab

95 1717 229 1793 hostibus,
247 1730 296 1770 nec
311 1715 434 1786 lacrymis
449 1715 581 1769 liberavit.
600 1715 678 1769 Putat
690 1714 759 1783 quod
777 1715 817 1768 illi
831 1714 878 1769 de·

933 533 1031 603 aliquid
1049 533 1175 603 poscitur.
1191 530 1282 587 Talem
1306 531 1429 585 tccbnam
1443 532 1468 586 in
1480 532 1716 601 supplicationibus

932 627 1019 682 lucata
1046 634 1138 681 servat
1164 625 1315 690 urbanitas,
1332 634 1360 679 nt
1383 632 1472 678 ntatnr
1494 628 1640 693 composita
1669 626 1717 680 ltu·

932 719 1044 772 militate
1067 734 1113 786 pro
1132 717 1228 785 jaculis
1245 732 1252 770 :
1269 728 1396 783 quatenus
1420 728 1573 773 commento
1593 718 1717 786 superbae

932 809 1088 877 abiectionis
1107 808 1171 862 nibil
1186 809 1209 862 ei
1234 808 1365 877 relinqunt
1388 809 1511 874 liberum,
1525 808 1570 877 qnl
1597 818 1716 878 rogatur.

933 901 1071 954 Licitatum
1087 914 1136 969 pro
1156 899 1284 954 ambobus
1305 914 1413 954 censum
1431 907 1552 965 testatur,
1568 915 1647 969 quem
1668 915 1716 968 pro

932 1006 985 1045 uno
999 1000 1104 1044 constat
1116 1004 1261 1059 expensum
1276 1006 1284 1055 3
1301 1000 1439 1059 exspectat
1454 992 1585 1060 geminam
1604 992 1715 1061 gratiam

932 1078 965 1134 de
977 1078 1107 1134 beneticio
1120 1080 1256 1149 singulari.
1277 1081 1372 1134 lleseio
1387 1089 1474 1134 utrum
1493 1084 1665 1151 quaerendum
1682 1082 1717 1136 sit

932 1172 993 1241 quid
1009 1172 1180 1241 cogitaverit,
1193 1187 1255 1227 cum
1283 1173 1352 1239 apud
1375 1173 1514 1228 universos
1535 1174 1633 1242 liqueat
1653 1175 1716 1244 qoid

932 1263 1034 1319 iecerit.
1047 1263 1177 1318 Exbausit
1188 1263 1302 1331 partium
1313 1273 1418 1318 tnarnm
1433 1264 1604 1320 defensiones
1618 1268 1715 1333 pirata,

931 1353 975 1421 qni
993 1352 1027 1406 de
1048 1352 1124 1406 nobn
1145 1353 1268 1419 praesum
1292 1354 1426 1418 optionem
1448 1369 1455 1407 :
1478 1361 1567 1407 teneat
1580 1369 1639 1422 quie
1658 1355 1716 1409 snla

931 1440 1224 1508 desideravissepnlcra
1242 1439 1276 1496 de
1288 1441 1341 1494 lilio
1354 1450 1438 1508 pater,
1454 1442 1497 1511 qui
1514 1451 1614 1495 tantum
1631 1444 1714 1497 mori-

933 1539 1019 1585 turum
1030 1531 1142 1586 redemit
1152 1549 1158 1595 ;
1172 1546 1233 1584 nam
1244 1530 1288 1600 qui
1299 1544 1365 1584 sano
1376 1531 1544 1600 languentem
1554 1549 1627 1602 prmp
1646 1535 1715 1599 snit,

931 1622 1097 1678 denuntiavit
1108 1637 1136 1676 se
1148 1620 1285 1676 borruisse
1296 1623 1425 1676 ricturnm
1439 1639 1445 1675 :
1458 1623 1561 1692 quidde
1572 1627 1716 1692 superstite

932 1725 1038 1780 poscas,
1055 1710 1156 1775 nescio,
1165 1710 1265 1766 babens
1276 1711 1301 1765 in
1312 1711 1494 1766 consolatione
1507 1714 1638 1785 lacrymas
1651 1729 1715 1783 quas

95 1808 157 1863 beat
170 1820 310 1876 regressus
326 1808 384 1876 ejus
400 1807 537 1874 prolicere,
548 1821 626 1875 quem
646 1821 704 1860 cum
724 1807 810 1878 potuit
826 1822 878 1860 nou
896 1802 1028 1861 Remisti.

94 1897 220 1952 redemit.
247 1896 356 1949 Frustra
377 1905 481 1964 pa-tum
504 1896 635 1952 beneieio
655 1897 719 1966 legis
740 1898 877 1966 imploras,

94 1988 139 2056 qui
155 1987 233 2040 iactis
245 1986 298 2039 tuis
320 1993 420 2039 natorse
432 1987 491 2054 jura
505 1985 618 2041 solvisti.
633 1986 735 2042 Exhibe
751 1987 760 2040 i
782 1988 879 2041 siclum

94 2077 215 2149 patribus
226 2077 271 2147 jos
290 2077 432 2156 decernit:
455 2089 562 2134 nonest
585 2080 767 2133 tatrttnmmndo
790 2094 880 2134 saera-

94 2178 214 2224 mentum
226 2168 297 2223 istud
307 2169 334 2223 ln
349 2167 464 2222 nomine.
477 2169 552 2223 Dicat
562 2172 601 2224 vel
613 2171 707 2240 pirata,
718 2173 740 2225 si
755 2181 878 2239 pateres.

93 2258 229 2314 ileliorem
247 2273 290 2312 me
305 2258 387 2312 luisse
402 2267 506 2313 mortuo
516 2274 587 2328 sape
600 2275 658 2314 cum
672 2261 797 2330 loqueris,
810 2277 879 2314 nun·

92 2364 171 2419 qnam
195 2348 318 2404 ostendis
339 2363 409 2411 esse,
429 2364 489 2403 cum
508 2349 621 2418 judicas¹
639 2350 713 2403 Viam
740 2351 877 2419 culparum

92 2441 213 2510 germani
235 2439 390 2494 decedentis
406 2441 533 2496 attendite
549 2460 555 2493 :
572 2441 628 2510 ipsc
652 2443 735 2512 tnagis
751 2443 878 2512 genitoris

93 2531 213 2586 moribus
222 2530 497 2599 paruit,quipraelatus
507 2538 563 2595 est3
576 2546 685 2601 egoquo
697 2534 784 2586 omine
797 2535 877 2587 visam

92 2637 181 2677 meam
194 2636 245 2691 per
258 2633 400 2676 extranens
412 2621 446 2674 ab
461 2621 519 2676 istis
536 2631 612 2676 actus
625 2626 774 2693 exegerim,
789 2623 877 2679 decla-

93 2720 182 2766 ratum
196 2721 309 2766 estcom
328 2726 370 2765 me
386 2720 461 2779 pater
481 2713 650 2781 praedonibus
668 2725 763 2783 sponte
781 2716 878 2770 dercli-

94 2801 165 2872 quit.
174 2800 266 2855 ialida
276 2802 324 2856 sibi
338 2802 440 2856 videtur
451 2803 578 2858 adversus
589 2804 707 2860 sobolem
721 2814 876 2876 argumenta

91 2906 321 2963 proponere,cum
333 2893 531 2962 propensiorem
541 2895 651 2963 gratiam
659 2898 877 2965 meruissejactet

91 2983 252 3049 culpabilem
268 2982 362 3048 lilium,
378 2994 405 3037 ct
429 2986 578 3052 proximum
601 2987 753 3056 sepulturae.
769 2989 875 3057 Qtraeso,

89 3073 204 3144 iudices,
225 3075 395 3142 pronuntiate
419 3076 480 3144 quial
505 3076 626 3131 debeam.
646 3078 751 3133 interim
775 3082 875 3135 clarum

969 1890 1102 1943 xl'orrotio.
1119 1891 1262 1958 Perpetuo,
1278 1892 1392 1960 judiees,
1415 1892 1560 1946 lutncstalis
1583 1896 1714 1949 culturam

928 1990 959 2036 et
985 1981 1013 2034 in
1039 1987 1117 2034 etate
1132 1982 1247 2047 peccatis
1276 1982 1360 2036 amica
1393 1983 1498 2037 servavi
1523 1998 1530 2036 a
1555 1982 1715 2038 subtrabens

932 2073 1067 2142 impensus
1081 2072 1222 2127 desideriis
1236 2074 1391 2142 puerilibus,
1400 2076 1470 2128 unde
1482 2084 1571 2143 posset
1587 2076 1636 2129 nvi
1648 2092 1712 2144 gan·
1781 2062 1790 2070 ’

929 2163 994 2218 dere
1021 2165 1169 2219 maturitas.
1195 2163 1279 2232 liuius
1304 2166 1342 2220 rei
1367 2163 1517 2234 frugalitate
1540 2166 1651 2223 lecimus
1684 2177 1714 2222 ut

929 2263 1080 2310 remaneret
1100 2255 1168 2323 patri
1189 2255 1260 2325 quod
1288 2271 1336 2324 pro
1352 2257 1488 2313 luxurioso
1502 2258 1556 2311 lilio
1570 2269 1660 2326 posset
1675 2259 1715 2313 ol·

928 2343 1010 2399 ierre.
1027 2344 1095 2412 Quid
1112 2346 1145 2399 de
1160 2346 1313 2415 patrimonii
1334 2348 1453 2402 exilitate
1466 2349 1603 2403 causaris?
1621 2350 1642 2404 si
1667 2365 1714 2420 par

929 2436 1049 2491 moribus
1062 2436 1243 2500 exstitissem,
1259 2452 1342 2506 nsque
1361 2453 1393 2493 eo
1407 2438 1532 2506 perducta
1553 2455 1597 2493 res
1611 2438 1713 2500 luerat,

929 2535 957 2580 ut
972 2534 1068 2581 neuter
1080 2528 1209 2597 potuisset
1220 2528 1332 2583 absolvi.
1346 2529 1485 2598 lrraeqnalis
1496 2539 1537 2585 est
1547 2530 1657 2597 arbiter,
1668 2532 1712 2599 qni

928 2616 1060 2686 prolicere
1081 2619 1164 2672 voluit
1186 2617 1263 2672 alteri
1296 2621 1365 2688 quod
1385 2630 1477 2676 nostro
1501 2620 1601 2688 pudore
1619 2621 1713 2676 condi·

929 2705 1027 2759 dimus.
1050 2706 1181 2771 Quarttum
1202 2708 1299 2761 asserit
1320 2720 1427 2775 paterna
1462 2709 1606 2775 districtio,
1634 2723 1713 2764 cansa

928 2796 1005 2850 nobis
1020 2796 1154 2850 diuturne
1164 2798 1328 2866 captivitatis
1341 2799 1461 2867 probitas
1479 2799 1536 2852 init.
1552 2800 1639 2854 Sanos
1653 2801 1714 2853 dili-

927 2899 1005 2954 gens,
1020 2888 1087 2954 patri
1103 2885 1231 2955 lrntrique
1255 2886 1376 2952 sedulus,
1393 2888 1453 2941 talis
1478 2890 1568 2943 redum
1584 2905 1635 2944 ιιοιι
1657 2905 1713 2945 me·

927 2984 1001 3030 retur
1022 2976 1048 3030 in
1065 2977 1176 3045 patriam
1198 2971 1249 3031 iet
1270 2977 1322 3031 nisi
1345 2977 1541 3033 exstitissemus
1565 2995 1614 3032 una
1639 2990 1713 3034 sorte

927 3065 1041 3133 captivi,
1068 3064 1215 3120 sorduisset
1241 3066 1393 3135 suspicione
1426 3077 1517 3121 nostra
1547 3069 1678 3137 regressio
1704 3087 1711 3122 a

90 3176 131 3220 est
150 3181 194 3218 me
223 3173 250 3218 et
264 3165 397 3218 cineribus
419 3165 505 3221 vitiosi
521 3167 600 3223 luisse
616 3173 802 3240 postpositum,
817 3153 913 3229 Nop'C
927 3157 1042 3226 aquales
1055 3156 1205 3212 calamitate
1221 3157 1331 3223 luimus;
1349 3157 1395 3213 sed
1413 3158 1495 3226 patris
1509 3174 1600 3213 amore
1611 3160 1711 3214 distati-

88 3255 874 3334 erbescitquilqnamabeoauetoritateparentisexigere,

90 3347 117 3400 in
128 3362 182 3416 quo
192 3361 253 3401 esse
269 3346 354 3400 noluit
364 3347 432 3414 quod
447 3360 565 3404 vocatur.
579 3350 684 3407 Utinam
701 3353 764 3408 mibi
779 3355 810 3409 ad
828 3358 876 3411 bos

91 3452 156 3491 osus
170 3436 350 3490 valetudinem
365 3436 509 3506 piratarum
528 3450 620 3495 euteria
644 3447 820 3499 reservasset!
838 3445 876 3498 la-

91 3543 182 3583 cerem
205 3527 364 3596 praebitione
387 3527 497 3583 indebiti
521 3530 639 3587 alimenti
664 3545 766 3603 patrem
788 3551 874 3589 memn

95 3619 196 3688 pudore
213 3619 365 3688 captivum,
398 3631 425 3673 nt
449 3620 561 3691 injustos
584 3625 684 3681 arbiter
704 3627 738 3681 de
761 3630 876 3695 propriae

95 3717 211 3779 gemeret
224 3709 365 3779 iniquitate
378 3712 530 3767 sententie.
541 3711 621 3767 Cibus
631 3715 700 3768 enim
716 3718 759 3784 qni
781 3717 815 3770 ab
828 3717 874 3772 illo

90 3808 244 3868 praestatur,
258 3798 301 3853 cui
321 3798 385 3852 nibil
407 3799 470 3854 boni
491 3802 612 3866 mereris,
627 3804 748 3859 exbaurit
762 3822 769 3860 :
784 3808 874 3876 ieiuna

90 3898 150 3942 sum
167 3889 308 3942 saturitate
331 3903 377 3942 sua
402 3889 596 3960 viscera,qu
620 3909 671 3948 ιιοιι
695 3894 793 3950 babent
811 3913 875 3953 con-

90 3981 229 4035 scientiam
239 3980 360 4036 benclicil
371 3991 432 4037 ante
443 3982 540 4036 collati.
549 3983 642 4038 Nescio
654 3987 714 4055 quid
729 3987 761 4041 de
772 3989 875 4045 duobos

88 4071 149 4126 iliis
160 4073 244 4126 bomo
258 4071 304 4125 ille
326 4070 382 4139 spei
396 4087 451 4126 sum
467 4073 600 4128 residuum
617 4085 708 4143 potet,
723 4079 767 4148 qui
792 4096 872 4134 unum

88 4171 167 4217 terrae
183 4161 309 4224 reddidit,
324 4162 435 4216 alterum
448 4177 541 4232 passos
554 4175 594 4218 est
608 4165 633 4218 in
647 4179 771 4236 perpetua
785 4181 874 4238 rapto·

88 4269 147 4307 rom
162 4253 346 4308 dominatione
359 4255 469 4307 servari.
483 4257 616 4325 decipiat,
630 4258 680 4312 nisi
693 4260 872 4328 conluntlitur,

88 4343 216 4411 quidquid
226 4343 353 4397 cxltauscr
365 4345 501 4413 suppliciis
513 4347 630 4401 membra
640 4361 808 4418 gemuerunt.
817 4353 873 4407 Non

85 4434 148 4488 novi
163 4433 227 4502 quid
243 4417 324 4488 senei
342 4447 357 4486 a
377 4433 515 4490 debilitato
539 4437 637 4505 llagitct
657 4453 665 4492 t
682 4439 779 4494 interea
803 4445 872 4511 qood

926 3256 977 3301 tes.
992 3247 1065 3302 Felix
1081 3246 1195 3302 luxuricc
1209 3248 1336 3318 suffragio
1345 3248 1463 3317 juvenis,
1476 3258 1502 3303 et
1513 3257 1575 3303 ante
1590 3264 1710 3319 magnam

926 3347 1028 3406 partem
1043 3338 1193 3393 communis
1212 3340 1335 3394 exbausit
1358 3338 1523 3405 substantie,
1535 3347 1562 3394 et
1577 3337 1626 3408 ipsi
1650 3354 1712 3408 pro-

925 3428 974 3482 luit
989 3427 1059 3496 quod
1074 3429 1213 3482 remansit.
1228 3428 1269 3482 blc
1282 3430 1423 3495 miserum,
1435 3440 1463 3484 et
1482 3444 1588 3498 semper
1602 3438 1710 3497 paterna

923 3518 1085 3587 iudicatione
1096 3519 1242 3588 captivum!
1256 3518 1358 3574 Prolusi
1372 3522 1399 3574 in
1415 3534 1479 3588 pace
1496 3528 1558 3573 ante
1573 3517 1643 3588 quod
1656 3533 1711 3588 per·

926 3608 988 3673 tuli;
1003 3619 1029 3662 et
1043 3608 1106 3662 dnm
1131 3610 1197 3664 recti
1222 3610 1272 3663 iter
1295 3619 1382 3676 teneo,
1399 3610 1496 3666 indicio
1519 3611 1710 3677 parcimoniae,

925 3701 1118 3770 qualitcrinter
1129 3702 1220 3757 bostcs
1231 3703 1374 3766 viveretur,
1383 3702 1492 3772 agnovi!
1507 3701 1573 3756 llinc
1581 3701 1709 3770 estquod,

925 3791 985 3845 cibo
1011 3806 1089 3860 quem
1116 3792 1276 3847 ministravit
1299 3792 1393 3846 lerltas
1422 3791 1631 3857 illacontentus,
1657 3791 1711 3846 nixi

926 3882 996 3937 inter
1011 3882 1103 3937 ultima
1128 3884 1224 3938 solatio
1248 3885 1456 3950 consuetudinis,
1472 3899 1523 3938 non
1547 3884 1710 3939 immanitate

926 3975 1050 4042 raptoris.
1067 3974 1164 4041 Quaero
1178 3977 1222 4043 qui
1240 3991 1282 4031 me
1295 3979 1413 4048 servavit
1426 3992 1489 4031 usus
1505 3978 1548 4031 ille
1568 3977 1708 4046 lrngallor',

925 4067 946 4120 si
963 4068 1031 4136 aequi
1046 4067 1216 4123 observantia
1233 4078 1337 4136 patrum
1354 4083 1471 4126 meretur
1484 4071 1617 4126 ollensasl

961 4155 1085 4225 llljectio.
1102 4156 1169 4223 Quid
1184 4158 1254 4224 qnod
1270 4159 1399 4214 barbarus
1413 4161 1512 4215 dixisse
1527 4176 1556 4216 se
1574 4162 1706 4229 perbibet,

926 4243 1010 4298 Unius
1025 4245 1137 4312 pretium
1157 4245 1305 4313 pertulisti?
1319 4246 1437 4302 debitum
1453 4264 1559 4319 semper
1577 4251 1709 4320 accipiunt

925 4334 1029 4400 obieeta
1042 4348 1209 4402 responsum.
1219 4333 1257 4388 lle
1271 4335 1343 4389 nulla
1358 4337 1503 4404 pependisti
1516 4339 1639 4396 auctione
1652 4341 1709 4395 sol·

925 4424 1013 4480 lieims
1034 4441 1149 4478 :aurum
1170 4426 1240 4494 quod
1273 4427 1435 4482 exhibueras
1460 4439 1522 4483 ante
1547 4444 1638 4497 preces
1658 4432 1707 4486 ini·

86 4527 210 4587 adverto.
228 4540 319 4578 sumus
332 4526 409 4578 ambo
425 4528 561 4595 pascendi.
573 4530 640 4595 Quill
658 4532 721 4586 mibi
742 4535 870 4591 rationem
888 4510 913 4569 D
926 4515 1055 4569 micomm
1070 4515 1153 4569 oculis
1164 4515 1293 4570 obtulisti.
1308 4515 1375 4570 nnn
1391 4518 1431 4571 sic
1446 4518 1492 4571 tibi
1504 4519 1625 4571 viniversa
1646 4534 1707 4588 pm·

87 4617 199 4673 arodicae
213 4615 345 4670 iaru'tatis
359 4617 468 4672 adducis
482 4619 508 4672 in
528 4621 643 4676 medium
657 4640 664 4675 ε
679 4624 723 4694 qui
737 4641 816 4681 unum
828 4644 870 4684 re·

86 4707 188 4761 dimere
199 4706 293 4770 voluit,
306 4708 345 4760 sic
359 4706 533 4763 substantiam
546 4726 620 4765 snam
631 4714 759 4783 vendidit,
768 4733 800 4772 ne
812 4735 870 4786 pre-

85 4800 149 4851 tium
162 4811 214 4866 pro
226 4797 491 4866 ntroqnesuiliccrct:
508 4802 566 4871 quis
575 4803 756 4860 inlelicitatem
770 4824 866 4877 meam,

85 4889 142 4955 quis
158 4887 283 4941 miserias
306 4887 389 4955 possit
405 4891 558 4958 exponere?
577 4893 620 4946 cui
644 4904 704 4962 post
725 4897 821 4953 Cilicas
843 4911 870 4956 et

85 4976 139 5045 ipsa
156 4992 237 5047 qnaant
262 4979 406 5045 resumpsit
425 4994 484 5034 esse
509 4980 594 5036 lertur
616 4982 724 5041 libertas
738 4988 871 5049 obnoxia?

85 5066 121 5121 lii
130 5070 169 5122 ite
182 5083 346 5135 quesumus,
357 5069 471 5137 judices,
485 5071 507 5124 si
520 5080 545 5126 et
559 5073 584 5126 in
596 5077 678 5142 patria
694 5093 752 5135 mea
769 5081 873 5137 debito.

86 5171 127 5212 res
140 5158 386 5231 pronuntiabimur,
398 5162 460 5228 quid
473 5163 565 5217 evasii
575 5165 683 5221 addidit
697 5180 802 5226 creator
810 5187 872 5228 san·

86 5247 217 5303 ctissimus
241 5248 331 5304 dolere
347 5264 389 5303 me
415 5252 485 5323 quod
501 5255 655 5336 emisissent
667 5259 753 5314 vinela
764 5273 870 5332 ‘germa-

86 5356 158 5396 nmn.
173 5341 255 5408 Quasi
270 5357 333 5396 vero
344 5352 444 5397 tantum
458 5359 473 5397 a
487 5348 562 5400 nobis
577 5349 664 5417 exigat
679 5360 771 5408 natura
786 5358 870 5411 servi·

86 5435 191 5496 ttovn,ut
198 5441 355 5501 compenset
365 5437 447 5503 erepti
456 5433 545 5491 iratris
557 5438 676 5494 bilaritas
684 5445 754 5511 quod
765 5462 869 5501 reman-

84 5524 116 5579 si.
129 5527 257 5580 Amorem
273 5525 402 5581 debemus
416 5529 503 5583 caruis
516 5531 595 5585 sociis
607 5533 720 5588 absoluti
738 5552 746 5589 ι
768 5540 868 5594 credite

83 5614 179 5669 dicenti
204 5615 347 5671 vnanilesta
359 5633 367 5673 a
378 5619 499 5674 nesciunt
514 5621 613 5677 intrare
627 5623 661 5678 dc
674 5625 759 5680 altero
772 5631 868 5699 ganda

85 5705 219 5764 bominem
228 5723 312 5780 prose
324 5709 471 5766 timentem.
480 5711 544 5765 lllml
557 5715 626 5768 enim
639 5716 781 5786 improbati
794 5738 866 5780 ntore

342 5799 479 5860 Parnon.
498 5801 609 5862 thlt.

924 4605 1060 4669 cederent,
1073 4619 1088 4657 a
1102 4605 1174 4660 nullo
1189 4607 1274 4675 potnit
1286 4607 1383 4677 ambigi
1413 4606 1484 4676 quod
1505 4607 1640 4664 sufficeret
1658 4611 1705 4664 de-

924 4696 1029 4749 siderii
1045 4696 1096 4751 tuis
1112 4699 1189 4750 onius
1200 4699 1333 4757 liberatio.
1355 4699 1413 4752 llox
1430 4710 1517 4752 tttmen
1535 4709 1562 4752 ut
1576 4698 1621 4753 illa
1635 4702 1706 4754 intra

924 4786 1022 4854 repleta
1035 4787 1159 4855 squalore
1171 4790 1264 4841 mortis
1274 4788 1387 4851 intrasti,
1403 4788 1465 4858 quid
1477 4802 1550 4844 esses
1562 4789 1706 4855 electurus,

923 4885 1065 4944 antequam
1084 4877 1220 4945 optionem
1236 4877 1364 4933 tribueret
1379 4878 1473 4947 pirata,
1498 4883 1639 4950 cognovit:
1654 4898 1706 4938 non

923 4965 1060 5021 dc-cendit
1081 4967 1131 5022 ista
1144 4958 1187 5022 'de
1215 4983 1306 5023 amore
1329 4969 1491 5039 trepidati03
1508 4973 1575 5027 nibil
1590 4979 1708 5031 ostendit

923 5059 1086 5128 ambiguum,
1102 5058 1193 5129 quide
1209 5057 1313 5113 duobus
1328 5058 1388 5114 liliis
1407 5076 1454 5129 per
1466 5062 1555 5117 omnia
1577 5067 1653 5134 signa
1668 5068 1708 5120 di·

924 5149 1050 5218 ligentiae,
1065 5150 1140 5220 qnasi
1153 5151 1185 5203 ad
1208 5165 1288 5203 unum
1309 5151 1450 5218 venisset,
1470 5157 1619 5210 annuntiat.
1644 5157 1707 5212 Post

923 5253 1058 5306 egressum
1075 5249 1149 5292 tuum
1163 5238 1287 5293 fortiores
1303 5255 1345 5294 me
1360 5251 1498 5298 arctavere
1508 5246 1635 5299 custodia
1649 5263 1655 5297 :
1667 5246 1707 5298 di·

922 5330 1025 5384 vinitati
1040 5331 1149 5399 gratias,
1162 5332 1186 5385 si
1202 5330 1350 5388 libertatem
1366 5349 1452 5390 meam
1467 5350 1493 5390 et
1505 5335 1549 5408 bic
1566 5339 1702 5403 tutaverit,

920 5430 989 5502 qnod
1009 5432 1091 5500 evasi.
1114 5432 1170 5485 Tua
1183 5431 1289 5487 interim
1305 5434 1337 5489 ad
1355 5436 1477 5490 inimicos
1491 5437 1584 5490 vocem
1596 5438 1703 5492 videtur

920 5529 1041 5584 emisisse
1053 5530 1197 5598 sententia,
1214 5530 1268 5586 Nisi
1281 5534 1400 5587 studiose
1414 5548 1492 5602 quent
1508 5533 1629 5603 relinquo
1644 5551 1701 5587 ser-

920 5637 1006 5694 vetur,
1021 5629 1161 5696 elapsurus
1173 5638 1223 5684 est.
1240 5631 1295 5684 Diis
1309 5631 1420 5684 tlncibns
1436 5631 1496 5700 luga
1519 5643 1609 5689 nostra
1637 5649 1699 5696 antn

920 5729 1009 5784 oculos
1027 5729 1141 5783 ltostium
1154 5728 1239 5786 locata
1254 5729 1350 5785 elbcax
1367 5728 1424 5783 luit.

1411 5821 1464 5885 to.
