3906 6180
1647 254 1657 282 ι

226 314 276 374 las
552 315 722 372 astenoit
741 315 787 371 ab
804 304 924 374 Lindos
945 318 988 374 DE
1006 319 1261 378 consolarium:
1280 318 1524 377 Pdltusoltttiti.
1802 314 1859 376 Δ9θῦ

224 426 344 483 Platonis
358 423 559 482 bellnitionibus
574 427 631 481 ltoec
645 425 726 481 tradit
741 427 803 482 lruic
822 431 890 484 benc
908 444 1006 486 conre-
1023 441 1050 497 Α
1097 433 1165 489 Surrt
1182 434 1227 504 qui
1246 433 1333 504 etium]
1350 434 1450 488 Sensus
1464 442 1505 486 est
1517 449 1523 483 :
1537 429 1664 501 simque
1677 430 1752 501 quod
1763 444 1799 486 ea
1813 432 1861 489 bis

224 517 343 574 aientia:
358 515 498 570 Beatitudo
511 523 553 570 εει
567 516 667 572 bonum
682 532 714 573 es
729 517 808 574 bonis
819 520 948 575 omnibus
962 537 1010 577 ac·
1063 529 1166 589 petunt,
1178 521 1313 575 tronobid
1326 522 1423 589 ipsum,
1440 520 1486 574 sed
1498 528 1606 588 propter
1620 518 1732 574 alterurn
1742 527 1857 589 petunt:

224 603 399 667 cumulatum,
416 610 532 672 potestas
545 603 578 658 ad
592 605 662 660 bene
675 608 820 663 rireudum
835 624 865 665 se
878 611 935 680 ipsa
957 613 1014 689 sui,-
1063 627 1094 670 ιιι
1107 616 1137 671 lri
1149 616 1255 670 divitias
1279 617 1315 670 ob
1337 615 1482 685 potentiam
1504 621 1550 667 aut
1565 612 1716 681 voluptates
1730 613 1857 681 concupi·

224 693 327 760 delens,
341 694 469 761 perfectio
487 695 634 751 secuudum
646 698 781 767 virtutem,
797 699 937 756 sufficiens
948 702 1011 758 vitm
1062 715 1151 772 scutit,
1167 705 1203 760 illi
1218 707 1363 774 potentiam
1388 713 1496 773 propter
1519 704 1657 772 pecuniam
1671 702 1714 758 rel
1735 702 1856 758 nominis

224 782 408 837 commoditas.
428 781 566 838 Beatitudo
580 797 607 840 ει
627 786 742 841 beatitas
755 789 784 842 in
796 789 891 844 eodem
914 791 1012 859 signill·

224 876 284 924 catu
303 869 436 925 dicuutur.
451 871 572 927 Ciceroni
591 888 656 928 sero
673 884 815 946 utrumque
830 879 940 933 omtrino
963 880 1013 933 du·

224 972 284 1011 rum
297 957 382 1011 risum
395 966 438 1012 est
451 959 619 1024 uocabulum,
635 961 680 1016 sod
696 978 744 1017 usu
759 964 944 1021 molliendum.
955 969 1012 1023 llu-

224 1047 348 1116 gustinus
362 1046 432 1102 libro
444 1046 478 1101 de
490 1045 603 1103 Ciuitate
617 1050 664 1104 ilei
684 1052 786 1120 quinto,
801 1055 887 1122 eapite
907 1056 1012 1123 primu:

223 1139 355 1207 Quoniam
368 1150 476 1196 constat
487 1141 604 1195 omniura
625 1158 717 1198 rerum
732 1146 908 1213 optandarum
928 1148 1013 1215 pleni·

221 1228 341 1282 'tudinem
356 1243 416 1284 csso
436 1228 599 1285 lclicitatem.
616 1232 718 1300 Quibus
740 1248 773 1290 ει
788 1235 877 1289 verbis
898 1239 1013 1293 sumitur

224 1318 280 1375 base
293 1321 388 1377 linitio.
400 1321 524 1378 Felicitas
538 1333 579 1377 est
592 1325 712 1378 oninium
728 1339 819 1379 rerum
833 1330 1010 1395 optandarum

224 1409 370 1478 plenitudo.
386 1410 523 1480 Philippus
547 1413 691 1469 beroaldus
708 1432 714 1468 :
730 1417 825 1486 Magna
849 1433 892 1472 res
907 1429 948 1474 cst
961 1422 1012 1474 riri

223 1499 402 1568 ornatissimi,
415 1509 442 1555 et
452 1503 575 1558 omnibus
590 1506 663 1559 boris
677 1507 795 1561 omniurn
809 1509 879 1562 rotis
891 1511 1010 1578 expetita

144 1615 173 1651 ‚·
220 1588 357 1662 'iel'scitas;
385 1590 437 1645 ime
452 1592 562 1646 tendunt
584 1605 740 1647 cunctorum
764 1604 827 1649 vota
848 1598 1010 1664 mortalium,

224 1683 281 1737 ittet
294 1694 336 1739 est
349 1696 454 1738 summa
469 1692 558 1736 rerum
570 1683 778 1750 expetendarum
792 1700 800 1750 ;
820 1685 947 1740 leiieitate
958 1695 1012 1740 ter·

224 1772 360 1827 minantur
387 1769 697 1826 omnitenentem
720 1770 834 1827 ielicitas
847 1773 932 1838 adest,
950 1773 1012 1827 lruic
1029 1787 1070 1846 Β.

226 1859 291 1914 niltil
319 1873 427 1928 prorsus
455 1857 541 1913 deest.
577 1858 753 1919 inveniuntur
779 1861 823 1930 qui
849 1877 931 1933 regna
958 1877 1011 1917 uon

224 1956 326 2016 optent,
341 1949 386 2016 qui
400 1961 464 2002 sero
475 1947 629 2003 ielieitatem
648 1949 784 2018 repudiet,
798 1951 887 2006 mtllus
899 1953 1011 2009 existit:

168 2058 176 2068 ι
224 2049 303 2091 nemo
313 2035 383 2089 enim
401 2049 453 2088 non
468 2036 529 2088 lelit
542 2037 681 2100 emeruit,
695 2052 773 2091 nemo
788 2053 840 2093 nou
855 2039 1011 2096 ielieitateta
1069 2069 1072 2073 ’

224 2139 355 2180 summurn
369 2124 498 2177 bonorum
511 2138 572 2179 esse
585 2125 727 2179 consentit.
742 2126 838 2181 Cicero
851 2128 876 2182 in
889 2142 906 2182 r
920 2127 954 2184 de
969 2129 1013 2184 Pi-

225 2212 303 2266 nibus
316 2230 322 2266 :
336 2213 417 2265 Peste
436 2210 506 2264 euim
521 2211 629 2266 uisendi
650 2211 795 2280 cupiditate
809 2215 907 2269 incensi
919 2230 1013 2273 omrtes

186 2295 188 2300 ’
224 2316 326 2356 sumus.
342 2300 423 2353 iliius
437 2298 599 2369 augustinus
611 2300 658 2354 lib.
673 2301 707 2356 de
721 2302 833 2358 civitate
847 2302 894 2358 oet
906 2315 1011 2374 quarto,

224 2391 312 2458 rapite
334 2389 393 2442 ιιι
416 2387 506 2443 Potior
526 2398 566 2443 est
586 2387 699 2443 ielicitas
724 2403 817 2458 reguo.
844 2388 927 2445 Nemo
942 2392 1012 2446 enirn

223 2478 326 2543 dubitat
340 2477 419 2533 laelio
434 2478 545 2532 iureuiri
561 2477 709 2540 bominem.
734 2479 780 2548 qui
800 2493 831 2534 se
845 2480 936 2534 timeat
955 2478 1012 2535 lieri

224 2582 324 2639 regem.
346 2567 439 2622 Nullus
451 2577 539 2623 autem
554 2567 689 2622 irtr'cnitur
703 2567 747 2637 qui
761 2580 792 2623 se
805 2567 873 2623 nolit
894 2583 955 2624 esse
973 2568 1013 2625 le·

224 2660 314 2715 licem.

261 2747 422 2802 Naturaliter
434 2745 539 2818 inserto]
559 2747 609 2802 Per
629 2754 753 2803 nattrram
774 2761 849 2802 seua
863 2755 958 2803 tratura
971 2750 1013 2805 iu·

147 2879 149 2882 a
224 2839 287 2896 sita.
302 2839 401 2895 Natura
415 2838 455 2910 (ιιι
468 2841 506 2895 ait
528 2839 624 2897 Cicero
649 2838 859 2894 Tusculanarum
883 2839 1013 2907 Quaestio-

223 2946 289 2987 num
310 2929 377 2985 libro
401 2930 493 3000 tertio)
521 2930 647 3000 parrulos
672 2930 749 2985 nobis
771 2929 846 2985 dedit
872 2931 1011 2998 igniculos,

139 3032 142 3037 '
224 3037 289 3094 quos
302 3022 425 3078 celeriter
445 3022 522 3076 malis
537 3021 659 3079 moribus
675 3020 900 3090 opinionibusque
913 3022 1012 3090 depra-

224 3113 289 3167 satls
305 3113 345 3167 sic
358 3113 551 3183 exstinguimus
567 3152 575 3177 ,
600 3120 775 3182 utnusquam
796 3120 899 3167 naturae
921 3112 1049 3190 lumenc

223 3211 357 3273 appareat.
379 3201 530 3258 Sunteuim
551 3201 663 3272 ingeniis
683 3201 782 3256 nostris
795 3201 897 3255 semina
919 3201 1009 3255 innata

219 3289 361 3354 virtutum,
374 3304 433 3359 quaa
447 3290 470 3343 si
485 3289 639 3360 adolescere
653 3290 756 3356 liceret,
770 3289 828 3358 ipsa
838 3303 887 3344 nus
899 3289 933 3344 sd
947 3291 1009 3345 ltet-

224 3393 275 3440 tam
286 3383 366 3436 uitam
380 3389 474 3435 natura
491 3380 660 3449 perduceret.
676 3379 751 3436 Nunc
764 3390 852 3436 autem
869 3382 947 3436 simul
967 3391 1009 3435 at·

223 3489 274 3544 quo
286 3473 350 3528 editi
380 3472 406 3525 in
420 3471 506 3526 lucem
531 3473 770 3541 susceptionum,
793 3472 819 3525 in
840 3474 912 3528 omui
926 3474 1011 3528 coriti·

223 3575 281 3617 nuo
289 3561 421 3631 pravitate
438 3569 466 3615 ει
487 3561 512 3615 ιιι
538 3574 641 3615 summa
664 3560 819 3629 opinionum
838 3564 1011 3630 perversitate

224 3660 410 3714 toresmundi
424 3663 491 3719 pene
503 3664 564 3704 cum
577 3648 766 3705 lactenutricis
774 3664 894 3705 errorem
904 3652 1010 3707 suxisse

225 3743 377 3799 uideamur.

257 3836 372 3903 Quorum
383 3835 485 3903 quidem
497 3832 553 3904 olii]
577 3833 654 3887 Ponit
667 3832 772 3889 diuersa
784 3833 811 3889 in
822 3848 927 3890 summo
939 3834 1009 3890 bono

224 3927 367 3997 quaerendo
381 3925 532 3978 mortalium
547 3923 646 3979 studio.

257 4013 385 4083 diffluant]
409 4013 562 4067 dbundenl.

256 4099 371 4173 adeptis]
390 4100 567 4168 comparatis.
591 4102 613 4155 Α
634 4101 718 4156 serbo
738 4100 883 4170 deponenti
901 4100 1009 4170 partici-

223 4192 295 4261 pium
319 4190 445 4260 praeteriti
469 4191 598 4260 temporis
621 4192 729 4262 passiva
754 4192 945 4262 signiticatione
960 4207 1010 4261 po-

223 4282 285 4339 suit.

257 4372 427 4444 lleqrtorttiint
443 4369 582 4440 odiet-ersi
605 4370 707 4428 Seneca
721 4370 747 4424 in
765 4370 879 4425 liercule
891 4370 1008 4427 OEtaeo:

390 4460 462 4519 Cupit
474 4460 512 4509 liic
523 4460 577 4567 regi
591 4462 717 4521 protimus
728 4459 775 4520 ipsi

391 4521 524 4582 Cloniusque
536 4530 549 4565 a
559 4529 596 4568 tas
607 4521 645 4569 lre
656 4533 699 4581 per
710 4521 798 4569 urbes.

255 4601 376 4674 Claritas]
395 4602 513 4658 Nominis
534 4602 686 4668 celebritas,
704 4603 783 4672 lamae
803 4600 939 4657 nobilitas.
963 4602 1016 4656 Pli-

223 4699 283 4754 nius
296 4696 472 4765 Epistularum
487 4695 554 4749 libro
566 4703 662 4748 octavo
678 4711 684 4745 :
702 4693 779 4749 lllius
793 4691 875 4760 aliod,
890 4707 940 4764 ego
951 4693 1014 4750 bea·

223 4789 350 4844 tissimum
360 4786 495 4849 existimo,
509 4785 552 4853 qui
568 4785 645 4839 bonae
656 4785 843 4851 mansuraeque
854 4782 932 4837 lamae
943 4799 1015 4850 prar-

222 4877 373 4945 sumptione
389 4873 546 4943 perlrnitur,
562 4883 706 4942 caritasque.
719 4872 884 4941 posteritatis
898 4887 960 4927 cunr
976 4873 1017 4927 iu·

223 4976 280 5020 tura
294 4964 378 5033 gloria
397 4962 472 5015 risit.

259 5046 416 5119 Propaqore]
437 5047 568 5114 Proicere,
585 5048 740 5103 extendere.

259 5138 368 5192 Plurimi
386 5135 455 5208 uero]
481 5137 509 5191 ln
532 5141 600 5191 lianc
620 5138 780 5192 senteutiam
795 5137 947 5206 agminatim
962 5155 1012 5206 pc·

221 5228 298 5284 dibus
312 5238 386 5296 eunt,
400 5229 471 5281 docti
486 5228 584 5296 pariter
603 5236 631 5282 et
644 5226 753 5292 inducti,
768 5227 932 5297 voluptatem
952 5240 1008 5284 stu·

219 5321 294 5377 diosc
307 5316 449 5376 sectantes.
463 5318 576 5389 legatur
589 5320 624 5374 de
636 5319 678 5373 bis
693 5320 825 5374 bonorum
839 5321 934 5376 linibus
949 5322 1011 5376 dri-

219 5411 330 5468 stoteles
340 5411 380 5462 ·in
394 5410 479 5478 primo
503 5408 666 5473 Etlricorum,
680 5406 776 5464 Cicero
789 5408 822 5465 de
838 5410 947 5468 Finibus
962 5413 1008 5467 lro·

222 5512 317 5554 uorum
330 5509 358 5554 et
372 5499 513 5565 malorum,
531 5497 691 5567 Augustinus
708 5499 776 5555 libro
789 5498 822 5554 de
836 5500 948 5556 Ciuitate
959 5501 1006 5556 ilei
1047 5552 1053 5561 ,

224 5588 335 5660 decimo,
351 5603 377 5648 et
396 5591 532 5661 Philippus
547 5589 690 5645 Beroaldus
704 5591 731 5645 in
746 5591 874 5661 opusculo
887 5591 920 5677 dc
933 5590 1006 5646 Feli·

220 5675 312 5733 ritate.

1062 800 1246 854 claritudinem
1265 805 1402 868 appetunt.
1418 796 1546 851 Ovidius:

1124 907 1262 958 creuerunt
1273 912 1301 956 et
1310 919 1381 968 opes,
1391 911 1416 955 et
1427 917 1500 966 oprtrn
1511 904 1599 953 iuriosa
1608 903 1694 964 iibido,

1155 968 1185 1017 El
1196 981 1251 1017 eum
1263 968 1402 1027 possideant
1415 965 1527 1027 plurima,
1540 965 1608 1027 plura
1620 971 1719 1027 petunt.

1085 1081 1088 1092 ¹
1125 1029 1243 1088 Quaerrre
1256 1039 1282 1074 ut
1293 1031 1430 1087 absumant,
1438 1028 1564 1087 absurnpta
1576 1026 1707 1087 requirere
1720 1032 1830 1088 cerunt,

1185 1089 1268 1151 Atque
1280 1089 1338 1149 ipsae
1349 1089 1415 1138 titiis
1424 1093 1483 1136 suot
1493 1087 1609 1136 alimenta
1617 1088 1695 1136 vices.

1054 1192 1058 1201 “
1099 1190 1178 1262 Sunt]
1192 1188 1310 1246 subaudi
1330 1188 1461 1243 nonnulli.

1101 1278 1211 1349 Horum]
1230 1279 1376 1332 botrorum.

1099 1363 1239 1435 dllsrtttro]
1261 1367 1297 1419 Ex
1312 1364 1417 1420 duobus
1430 1366 1525 1420 allero.

1099 1454 1132 1512 ln
1152 1456 1201 1530 itis]
1222 1457 1334 1523 Divitiis,
1349 1455 1533 1526 dignitatibus,
1549 1455 1677 1525 potentia,
1691 1456 1791 1525 gloria,
1805 1472 1855 1512 to·

1063 1547 1175 1617 luptate.

1099 1641 1256 1709 Cetei-isque
1270 1637 1374 1709 talibus]
1390 1636 1508 1706 Reliquis
1517 1635 1660 1705 ejusmodi,
1675 1646 1704 1690 ιιι
1718 1636 1745 1690 in
1759 1636 1856 1690 nobili·

1064 1738 1117 1783 tate
1136 1727 1279 1796 iatsreque
1290 1726 1420 1796 populari,
1437 1740 1466 1780 re
1483 1727 1574 1779 uxoria
1595 1735 1623 1780 et
1646 1723 1750 1792 liberis,
1763 1726 1856 1782 amicit

1064 1829 1127 1874 ttern
1142 1831 1174 1872 ae
1187 1817 1275 1882 bonis,
1290 1831 1349 1886 qum
1368 1815 1444 1870 lacile
1463 1822 1575 1885 possunt
1594 1813 1629 1869 ad
1651 1815 1794 1884 superiora
1815 1830 1856 1869 re·

1064 1907 1139 1963 ierri.

1101 1994 1237 2066 Votorum]
1255 1994 1449 2064 cupiditatum,
1473 1993 1623 2057 optionum,
1645 1992 1854 2060 appetitionum.

1100 2085 1229 2140 Nobilitas
1241 2086 1360 2156 ferorque
1374 2081 1516 2153 popularis]
1537 2082 1712 2150 Subicit-llige
1723 2092 1796 2136 sunt.
1806 2081 1856 2135 Pu·

1064 2176 1158 2231 luisset
1172 2187 1259 2230 autem
1274 2188 1305 2228 ea
1320 2188 1419 2243 ponere
1432 2187 1494 2227 casn
1511 2173 1635 2242 septimo,
1649 2173 1696 2226 sed
1712 2175 1751 2226 uti
1767 2173 1856 2226 nomi·

1064 2265 1157 2319 natiso
1176 2264 1279 2329 maluit,
1295 2264 1331 2319 ob
1354 2261 1495 2317 relativum
1511 2261 1584 2328 quod
1605 2260 1700 2315 eodem
1714 2275 1777 2316 casu
1789 2261 1856 2316 sub-

1069 2355 1167 2426 junxit

1099 2441 1186 2497 Furor
1199 2441 1339 2513 popularis]
1361 2442 1455 2511 Populi
1469 2442 1553 2496 lator.

1071 2526 1072 2530 ’
1099 2529 1196 2601 Liberi]
1218 2531 1321 2585 Proles.
1730 2579 1739 2594 ,

1098 2624 1244 2675 Auaticorum
1266 2619 1335 2692 uero]
1366 2621 1400 2677 tii
1423 2615 1580 2677 Aristoteles
1604 2620 1762 2676 Edricorum
1787 2621 1854 2676 libro

1063 2720 1157 2769 octato
1171 2712 1268 2767 docet:
1286 2711 1353 2766 Tres
1374 2719 1436 2766 sunt
1458 2712 1584 2766 anrieitie
1598 2713 1713 2780 species.
1730 2710 1853 2775 ιιοιιεειι,

1064 2808 1147 2871 utilis,
1171 2810 1250 2877 atque
1262 2808 1389 2874 itrcunda.
1415 2808 1544 2862 Amicitiae
1558 2816 1646 2862 autent
1662 2807 1698 2862 ob
1712 2807 1854 2862 utilitatem

1064 2908 1143 2967 atque
1157 2896 1333 2964 'uoluptatem
1348 2914 1400 2951 uon
1416 2912 1463 2966 per
1475 2913 1516 2963 se,
1531 2899 1578 2953 sed
1593 2913 1642 2968 per
1657 2899 1781 2953 aceidcns
1794 2908 1854 2952 ειιιιι

1063 2989 1197 3052 amicitiae.
1224 2997 1252 3044 ει
1279 2988 1357 3044 iacile
1380 2984 1490 3043 dissolri
1514 2997 1624 3059 queunt.
1641 2990 1776 3043 Bonorum
1790 3004 1854 3044 vern

1064 3079 1191 3149 amicitia,
1206 3080 1340 3150 probitate
1362 3081 1512 3148 virtuteque
1535 3080 1660 3135 similium
1676 3081 1796 3150 perlecta
1811 3092 1854 3136 est

1064 3175 1179 3228 amicitia
1203 3183 1230 3227 et
1249 3173 1320 3243 jugis
1346 3180 1426 3242 atque
1441 3185 1609 3241 permanens.
1633 3172 1667 3226 dt
1690 3173 1748 3227 lieo
1761 3173 1854 3228 eadem

1061 3264 1178 3320 marimo
1196 3264 1325 3329 amicitia,
1348 3271 1429 3331 atque
1456 3263 1554 3331 optima
1577 3262 1758 3318 amicitiaest.
1783 3262 1854 3318 idom

1062 3353 1183 3410 secundo
1197 3353 1267 3409 libro
1280 3353 1436 3422 llagnorum
1451 3351 1590 3407 bloralium
1607 3371 1614 3404 :
1630 3351 1854 3408 constantissima

1062 3441 1143 3514 igitur
1170 3457 1202 3497 ac
1225 3442 1445 3505 stabilissimam
1478 3441 1666 3498 honestissima
1698 3457 1759 3511 quae
1782 3442 1855 3497 inest

1061 3531 1155 3602 probis
1177 3532 1315 3586 anricitia:
1340 3533 1437 3602 quippe
1459 3531 1529 3602 quud
1550 3540 1658 3601 propter
1671 3530 1809 3597 virtutem,
1823 3545 1855 3584 ae

1060 3636 1150 3694 perse
1168 3620 1277 3676 bonum.
1299 3619 1365 3674 Nam
1379 3620 1463 3675 virtus
1486 3619 1720 3682 incommutabilis,
1738 3626 1767 3672 el
1790 3633 1852 3687 quae

1062 3724 1109 3777 per
1125 3723 1184 3763 eam
1199 3708 1355 3763 corrriliatur
1368 3708 1495 3774 amicitia,
1511 3709 1724 3764 constantissima
1747 3713 1809 3761 est:
1826 3717 1855 3760 at

1061 3811 1120 3865 quac
1133 3811 1167 3850 ex
1181 3795 1332 3859 ctrmtnodo,
1359 3795 1463 3849 stabilis
1487 3811 1541 3849 non
1555 3805 1597 3850 est
1610 3795 1737 3857 amicitia,
1753 3793 1854 3863 quippe

1061 3898 1121 3953 quae
1132 3881 1272 3937 cotttmodo
1290 3883 1414 3948 elabitur,
1429 3883 1553 3938 similiter
1568 3884 1649 3938 etiam
1663 3888 1724 3951 quie
1747 3890 1855 3951 propter

1061 3975 1232 4043 uoluptatem.
1249 3973 1414 4043 optimorum
1429 3975 1509 4044 igitur
1519 3975 1647 4038 amicitia,
1665 3988 1725 4042 quas
1739 3988 1787 4042 per
1796 3975 1850 4027 rir-

1062 4074 1145 4120 tutem
1167 4065 1279 4119 extimta
1299 4073 1364 4120 est:
1388 4066 1645 4131 moderamentum,
1668 4075 1855 4134 quiapropter

1061 4153 1241 4219 commodum,
1255 4163 1283 4208 et
1296 4169 1356 4224 quaa
1370 4163 1478 4224 propter
1491 4154 1664 4223 voluptatem,
1680 4154 1708 4207 in
1725 4153 1855 4210 oneribus

1061 4263 1175 4319 quaeque
1187 4248 1343 4303 obveniunt.

1099 4336 1146 4391 Vel
1170 4336 1295 4408 potentie]
1321 4336 1442 4392 dtnicitia
1465 4336 1546 4403 utilis,
1571 4337 1615 4393 rel
1644 4336 1781 4404 potentia.
1808 4337 1853 4392 rel

1062 4432 1143 4484 etiarn
1170 4429 1323 4484 divitiarum
1346 4429 1431 4498 gratia
1458 4429 1620 4494 assumitum
1640 4427 1758 4498 jucunda
1777 4445 1855 4494 sero,

1025 4481 1049 4540 υ
1064 4519 1251 4575 delectationis
1263 4522 1357 4589 gratia.

1101 4611 1161 4664 lom
1182 4625 1240 4665 uero
1262 4612 1373 4680 corporis
1394 4610 1468 4683 borso]
1486 4610 1609 4667 Ostendit
1631 4610 1856 4679 quemadmodum

1067 4698 1267 4766 bonacorporis
1289 4699 1322 4751 ad
1340 4699 1475 4766 superiora
1496 4698 1655 4755 reserantur.
1682 4696 1852 4763 Academici,

1067 4789 1093 4844 id
1116 4798 1159 4844 εει
1180 4787 1307 4843 Platonici
1322 4797 1349 4841 et
1370 4787 1552 4857 Peripatetici,
1567 4788 1592 4841 id
1608 4797 1650 4842 est
1671 4787 1867 4873 aristotelici,x

1067 4879 1117 4935 tria
1129 4893 1225 4947 genera
1247 4879 1375 4932 bonorum
1391 4891 1451 4933 esse
1465 4879 1640 4944 tradiderunt,
1654 4895 1687 4933 ea
1701 4878 1797 4949 quibus
1812 4878 1840 4934 ie

1064 4969 1150 5024 licitas
1168 4969 1350 5037 perimeretur.
1376 4966 1474 5033 Prima,
1499 4969 1579 5024 animi
1595 4969 1674 5034 bona,
1698 4978 1728 5024 ut
1741 4970 1856 5026 virtutes

1063 5068 1092 5112 ει
1102 5058 1246 5113 doctrinas.
1263 5056 1386 5113 Secunda
1396 5058 1527 5128 eorporis,
1548 5069 1578 5113 ut
1590 5059 1748 5124 sanitatem,
1761 5059 1855 5123 robur.

1063 5148 1282 5218 magnitudinem,
1290 5147 1525 5214 pulchritudinem,
1534 5149 1713 5218 relociatem,
1725 5164 1856 5204 sensuum

1062 5239 1250 5310 integritatem.
1266 5238 1354 5294 Tertia
1374 5250 1499 5306 extumo,
1515 5256 1573 5310 quae
1588 5240 1700 5296 lortrmm
1713 5243 1857 5297 ascribam·

1063 5337 1117 5394 tur,
1140 5337 1169 5383 ut
1189 5328 1304 5392 diuitias,
1329 5331 1454 5398 bonores,
1477 5332 1635 5399 potentiam,
1653 5333 1857 5405 auctoritatem,

1063 5418 1187 5487 gloriam.
1530 5428 1533 5433 ⁴

1099 5506 1236 5579 Proestore]
1249 5507 1391 5564 Coniette.

1101 5594 1257 5667 Volcatium]
1286 5595 1447 5662 Potentiam.

1099 5684 1280 5758 Pulclrritrtdo]
1292 5688 1419 5759 Corporis
1430 5689 1648 5759 pttlclrritudocd
1659 5692 1775 5762 partium
1786 5704 1857 5752 con·
