3906 6180
55 387 134 449 roa
476 369 1165 468 crescenstronooencus'nnostnono.
1638 385 1690 443 ιιι

87 503 156 575 Quis
179 502 296 574 patiatur
319 516 368 559 ros
388 515 466 572 coquo
485 503 576 560 animo
591 502 757 574 garrientes?
773 503 843 574 Ergo
856 504 884 567 Α
895 500 1058 558 medicorum
1074 500 1207 557 exercitus
1217 498 1387 556 subueniret:
1399 497 1461 569 aquia
1477 495 1603 568 quotiens
1614 512 1691 554 mor·

50 612 103 656 uos
116 595 265 654 secundnm
276 593 453 652 assertionem
465 604 592 664 vestram,
605 596 717 652 novellae
725 595 847 652 utilitatis
899 591 995 648 borum
1008 591 1135 646 violentia
1148 590 1229 647 celeri
1240 603 1334 660 gressu
1347 589 1379 645 ad
1395 588 1490 644 amma
1498 596 1603 645 secreta
1613 587 1690 644 lesti-

48 688 194 748 oommoda
215 701 272 745 non
298 701 431 755 amamus,
460 687 524 744 dum
551 687 669 744 delinitis
694 688 848 746 senioribus
899 694 955 750 nat,
972 683 1065 741 obrias
1076 698 1171 740 manus
1186 683 1284 739 alierre
1297 696 1351 738 non
1368 691 1454 752 potest
1471 681 1588 738 salutare
1601 681 1703 737 consi-x

51 791 214 855 prestamus
227 778 403 851 obsequium?
417 779 467 835 llic
481 787 537 836 tota
547 779 646 851 ingenii
662 779 720 835 vela
733 795 849 850 suspen·
899 778 977 845 lium,
1001 779 1053 835 nisi
1075 794 1109 836 ex
1127 778 1273 836 collatione
1293 779 1448 835 multorum.
1469 777 1536 835 Nam
1551 788 1579 835 et
1602 777 1654 835 boc
1675 792 1691 836 a

49 879 117 938 ditis
129 895 138 936 z
152 876 197 934 bie
208 874 344 945 resupinae
357 873 470 932 cervicis
479 888 512 929 ex
523 887 630 931 secessu
641 875 760 946 pectoris
770 874 847 945 quid·
899 886 964 944 rege
977 883 1069 928 nostra
1080 872 1202 943 poposcit
1212 871 1347 944 allegatio,
1358 881 1384 927 ut
1396 870 1522 928 abscissis
1532 871 1691 928 clericorum

49 971 118 1043 quid
133 969 224 1027 babuit
239 966 358 1024 flaminis
370 975 464 1023 ructus
478 966 607 1023 evomuit.
627 983 636 1017 ι
654 966 738 1022 Aiunt
752 966 847 1023 enim:
900 963 1063 1034 prejudiciis
1080 962 1114 1020 de
1131 964 1315 1020 decusatorum
1334 977 1410 1034 papae
1425 963 1525 1035 merito
1537 977 1584 1032 per
1598 960 1692 1017 liuma-

51 1063 140 1136 llogsi
162 1059 275 1118 anobis
294 1057 408 1130 ieiunia,
426 1067 455 1115 et
474 1057 564 1115 ltltsaei
577 1057 706 1114 miracula
721 1058 850 1131 quaeegit
900 1072 965 1114 nuru
989 1071 1020 1113 oe
1044 1072 1189 1129 supernum
1213 1056 1348 1129 judicaret
1374 1057 1526 1127 imperium.
1550 1055 1692 1112 Videamus

50 1156 116 1213 dum
128 1163 264 1211 mortuum
277 1151 427 1220 suscitavit,
440 1151 463 1207 sl
474 1165 575 1208 annosa
583 1159 687 1209 tanmm
696 1153 847 1223 sectamini,
901 1152 1032 1208 tamensi
1056 1152 1154 1223 placet,
1175 1160 1203 1208 et
1224 1151 1284 1207 illas
1303 1150 1481 1207 ’didascalici
1501 1149 1584 1206 libelli
1610 1149 1693 1207 vestri

51 1253 278 1317 condemnantur.
299 1271 308 1304 ι
323 1249 393 1320 Quid
409 1250 452 1305 bic
471 1249 584 1305 rationis
599 1250 701 1305 invenit
715 1257 851 1305 serutatur
901 1242 1050 1314 relegemus
1060 1244 1193 1314 argutias:
1205 1241 1458 1298 habentibusetiam
1469 1241 1546 1298 nobis
1556 1251 1619 1298 ante
1629 1254 1692 1298 ocu·

52 1343 185 1401 idoneus?
200 1359 254 1400 non
267 1343 290 1398 si
301 1341 362 1396 auri
379 1338 496 1412 pallidus
512 1339 656 1409 inquisitor
669 1348 803 1407 occurrat,
822 1339 850 1395 in
901 1334 942 1391 los
959 1345 1063 1405 patrum
1079 1335 1243 1399 sanctiones,
1257 1333 1353 1402 quibus
1366 1346 1526 1389 excessuum
1541 1341 1693 1390 restmrum

52 1435 181 1491 sensibus
195 1433 290 1490 restris
311 1432 450 1489 latentium
465 1447 594 1489 venarum
615 1441 704 1487 motus
720 1432 849 1504 inmeiat,
901 1427 1005 1482 sentina
1021 1426 1194 1496 ponderetur.
1216 1423 1270 1481 Lex
1293 1424 1473 1480 ecclesiastica
1489 1423 1642 1495 pontiilcem
1659 1423 1694 1480 alr

53 1535 82 1585 et
97 1527 210 1584 insuetis
225 1525 311 1583 lucem
325 1524 436 1581 latebris
448 1538 602 1580 sermonum
619 1522 707 1580 lossor
717 1521 849 1581 admittat.
901 1517 961 1574 aliis
974 1527 1139 1585 accusatum,
1163 1517 1318 1588 priusquam
1332 1516 1382 1572 sub
1397 1516 1484 1573 lucem
1504 1515 1611 1587 obiecta
1630 1528 1694 1572 con·

54 1618 160 1676 idcirco
173 1634 238 1690 ergo
259 1631 326 1674 cana
348 1615 476 1673 miracula
492 1630 545 1671 uon
564 1615 721 1685 probamus,
736 1615 759 1669 ei
771 1613 847 1684 jure·
901 1612 1031 1680 stiterint,
1054 1611 1136 1684 exigit
1155 1626 1210 1668 non
1232 1610 1358 1682 relinqui.
1383 1610 1438 1667 llos
1459 1625 1524 1667 vero
1548 1609 1641 1675 divini,
1665 1618 1694 1666 ut

56 1710 160 1767 milibus
179 1724 341 1767 consensum
380 1724 432 1765 non
457 1709 607 1781 praebemus
627 1704 799 1763 excessibus?
822 1706 851 1763 Si
902 1715 977 1778 puto,
989 1703 1058 1776 juris
1073 1718 1219 1771 memores,
1235 1703 1282 1774 qui
1295 1703 1363 1760 levia
1382 1711 1471 1760 errata
1486 1701 1634 1774 despicitis,
1649 1702 1694 1773 qui

55 1816 165 1859 merum
188 1802 302 1858 boniirm
316 1800 477 1873 discipulum
499 1802 626 1874 magistro
643 1801 779 1875 Evangelii
795 1815 853 1856 nte·
903 1797 1007 1870 peccati
1022 1797 1163 1854 nobilitate
1174 1796 1308 1869 gaudetis,
1323 1811 1358 1853 ne
1371 1810 1424 1868 qua
1440 1810 1487 1852 vos
1497 1810 1530 1854 ex
1542 1798 1694 1854 desertione

55 1908 148 1950 mores
172 1894 364 1966 subiungamus
392 1892 499 1962 (batti.
526 1910 553 1960 x,
580 1894 630 1959 et;
653 1892 717 1949 boc.
739 1907 775 1957 ιι,
800 1890 849 1958 to;
866 1882 1050 1945 Bsacerdotis
1073 1887 1152 1958 culpa
1175 1887 1333 1959 respiceret,
1354 1888 1502 1944 accusastis
1523 1902 1585 1944 cum
1607 1888 1694 1944 incre·

53 1982 362 2055 caramlocum,
381 1983 439 2055 ιθ),
455 1983 584 2054 quidquid
612 1984 699 2052 potuit
722 1983 851 2052 prodesse
904 1981 1002 2038 mentis
1015 1981 1186 2039 delictorum.
1201 1981 1241 2037 Ad
1257 1982 1327 2039 banc
1338 1997 1388 2040 vos
1401 1982 1575 2040 valitudinem
1590 1983 1636 2040 ille
1649 1983 1694 2054 qui

55 2077 246 2149 negligimus?
260 2077 318 2134 lilia
331 2089 400 2145 sunt,
417 2078 609 2149 improbissimi
627 2078 775 2146 bominum,
791 2094 851 2150 qnae
903 2085 944 2131 est
959 2075 1074 2146 pressius
1088 2085 1189 2144 vester,
1201 2074 1324 2143 adduxit,
1340 2084 1370 2133 ut
1388 2085 1448 2146 post
1461 2077 1622 2143 desolatum,
1635 2085 1694 2147 post

54 2170 92 2227 ad
107 2186 189 2228 usum
203 2180 335 2228 recentem
348 2158 665 2242 sine'im'unavetuscatis
679 2172 850 2228 adhibemus.
902 2169 1052 2239 impetitum
1071 2169 1234 2241 pontillcem,
1250 2170 1309 2227 sine
1326 2171 1407 2227 ullius
1427 2172 1520 2242 rigore
1542 2170 1694 2243 sententie,

91 2263 196 2320 Novam
211 2265 308 2321 deinde
317 2265 433 2335 culpam,
446 2273 472 2321 et
484 2281 563 2336 quam
575 2265 746 2338 investigatio
757 2276 851 2322 nostra
903 2266 984 2322 totius
1000 2281 1067 2337 pene
1081 2266 1163 2322 italice
1176 2266 1380 2338 improbandam
1390 2267 1538 2324 antistitum
1550 2267 1694 2324 crederetis

54 2357 210 2423 transierat,
236 2357 403 2413 reclusistis:
424 2376 433 2410 ι
451 2355 540 2427 Quare
556 2373 640 2430 papa,
656 2361 715 2416 siue
735 2358 851 2431 exempli
902 2372 963 2415 esse
979 2370 1120 2416 censuram
1138 2377 1145 2413 a
1167 2360 1303 2430 quomodo
1323 2359 1431 2432 quidam
1446 2360 1513 2415 dixit
1531 2361 1566 2416 de
1583 2360 1695 2416 cohorte

54 2447 180 2506 instituto
188 2447 379 2520 praecedentis,
390 2450 522 2522 synodum
533 2452 701 2517 convocarit,
714 2463 743 2509 ιιι
754 2451 789 2509 de
798 2453 852 2509 cri·
902 2462 1010 2509 vestra:
1026 2449 1204 2508 Festinantem
1218 2452 1331 2507 animam
1349 2453 1427 2508 morti
1445 2468 1498 2507 noa
1518 2452 1625 2507 credidit
1638 2451 1694 2507 eni.

55 2542 158 2598 minum
171 2542 231 2612 ejus
246 2542 399 2614 objectione
412 2544 606 2616 cognosceret?
623 2563 633 2598 ι
651 2545 716 2602 Post
730 2545 789 2602 baec
802 2560 851 2604 nos
902 2543 1029 2602 Potestne
1053 2559 1129 2601 mens
1144 2543 1278 2612 indocilis,
1294 2543 1435 2601 criminum
1454 2544 1509 2615 jam
1529 2545 1611 2601 ditata
1632 2557 1695 2600 suc·

54 2633 181 2708 salsitatis
193 2636 316 2706 arguitis,
328 2649 402 2693 cura
412 2636 543 2710 principe,
559 2652 622 2711 qnae
635 2637 662 2694 iu
678 2637 791 2709 pretato
803 2655 853 2696 ne-
902 2638 1032 2707 cessibus,
1048 2638 1223 2698 adetestabili
1237 2638 1383 2710 proposito,
1400 2638 1474 2696 reiut
1489 2637 1568 2695 elicta
1582 2638 1695 2694 ieriari?

53 2726 131 2796 gotio
142 2726 242 2795 scripta
255 2737 325 2798 sunt,
340 2727 455 2784 dicimos
466 2729 612 2799 postulata.
632 2749 641 2783 ι
660 2728 774 2796 Praesta,
795 2731 851 2788 bo-
901 2729 950 2788 llle
964 2745 1012 2788 ros
1023 2730 1169 2803 locupletes
1184 2732 1263 2787 ma'lis
1279 2731 1380 2801 edocit,
1392 2732 1434 2788 cui
1448 2732 1594 2789 elationum
1610 2732 1695 2802 copiae

52 2818 142 2885 mine,
159 2827 188 2874 ut
202 2818 343 2892 labyrinthi
357 2820 438 2892 buius
453 2822 511 2878 sine
526 2837 620 2880 errore
632 2822 756 2881 sinuosos
771 2838 851 2896 supe-
902 2836 968 2894 opes
989 2824 1123 2895 angelicas
1140 2824 1306 2882 sustulerunt
1319 2821 1399 2898 (lsai.
1410 2839 1464 2892 ιιι,
1480 2824 1514 2881 tt
1530 2834 1557 2881 et
1576 2823 1696 2881 divinum

53 2926 148 2969 remos
169 2911 330 2970 anfractus:
350 2934 360 2967 ι
388 2915 474 2987 dirige
496 2918 631 2987 semitam,
650 2934 729 2989 quaro
753 2919 850 2975 llcxilis
902 2929 1013 2972 censum
1024 2915 1139 2973 nocendi
1154 2931 1207 2989 quo
1221 2916 1362 2984 exuberat,
1378 2918 1520 2971 thesaurus
1538 2915 1643 2970 invidit.

53 3002 167 3060 coluber
181 3005 259 3075 juxta
277 3005 408 3064 fabricam
433 3009 534 3081 proprii
554 3013 676 3080 corporis
690 3021 737 3068 aut
752 3011 850 3068 mentis
937 3009 991 3066 Sed
1002 3009 1127 3079 promissi
1141 3023 1276 3065 memores
1283 3009 1409 3064 universa
1418 3021 1479 3077 quae
1490 3008 1565 3077 operi
1576 3007 1695 3077 ipsorum

54 3107 194 3169 operatur,
210 3108 241 3157 ut
254 3115 317 3157 sere
331 3101 468 3159 dicamus:
487 3103 613 3161 Dominus
629 3106 752 3161 oirtetam
765 3107 850 3163 uobis-
902 3099 1047 3157 recolimus
1060 3101 1171 3167 inserta,
1185 3108 1334 3171 tangamus.
1352 3116 1362 3152 ι
1379 3098 1508 3170 Arguitur
1521 3103 1591 3171 stylo
1605 3099 1695 3170 splen-

55 3208 123 3259 ιιιι,
135 3193 241 3266 adjutor
254 3203 339 3251 noster
349 3193 507 3252 nausicaa
516 3196 601 3270 (Psoi.
615 3214 676 3266 ιιι,
691 3196 730 3268 8).
744 3198 846 3254 lltcnm
901 3192 1041 3250 didissimo
1051 3193 1310 3266 papangmacbus,
1320 3207 1402 3263 quare
1411 3194 1694 3263 conventionemprae-

55 3282 202 3342 Salomone
212 3286 379 3344 exsultemus
393 3287 515 3346 dicente:
532 3286 621 3360 Equos
643 3298 750 3359 perator
766 3290 793 3344 ia
808 3289 849 3344 die
862 3245 887 3312 c
900 3286 1025 3354 renisus,
1039 3301 1099 3342 cum
1120 3284 1281 3357 populorum
1301 3284 1417 3341 coetibus
1437 3298 1551 3341 examen
1575 3283 1696 3353 intrarit,

55 3374 137 3442 teilir
157 3380 227 3451 apert
256 3375 395 3434 bominem
419 3390 455 3435 ιιι
484 3389 569 3435 eatam
595 3397 669 3436 ιιιιι
700 3381 850 3453 presidium
902 3389 930 3439 et
955 3390 1047 3453 postea
1069 3379 1185 3452 judicia,
1207 3378 1293 3435 ‘curu
1313 3386 1439 3436 evocatus
1462 3389 1559 3450 quater
1588 3377 1696 3447 luisset,

55 3465 152 3540 (Prota.
168 3483 223 3535 xxi,
237 3467 295 3540 bt).
308 3467 535 3540 Superioraoeum
545 3470 653 3542 quidem
668 3481 711 3528 est
728 3471 851 3530 absurdis
902 3475 1014 3546 sprevit.
1033 3494 1044 3527 ι
1060 3473 1106 3529 Sic
1120 3487 1136 3527 a
1150 3471 1227 3528 robis
1240 3472 1298 3528 teri
1310 3471 1434 3528 discessit
1447 3470 1565 3537 allectio,
1579 3480 1609 3526 ut
1621 3485 1696 3529 men·

55 3558 225 3629 respondere
245 3554 484 3632 propositionibus,
506 3561 611 3618 dicente
635 3564 784 3634 propbeta:
810 3564 851 3621 lile
902 3568 1039 3625 deciorum
1061 3566 1165 3625 nebulis
1176 3564 1251 3622 urbis
1265 3567 1448 3622 testimonium
1466 3568 1566 3638 putetis
1582 3563 1693 3631 involvi,

57 3647 216 3720 mmm
228 3651 392 3723 {filistiim
409 3651 444 3706 “d
466 3653 668 3723 imprudentiam
687 3658 743 3727 ejus
759 3654 851 3730 (Proo.
902 3668 930 3718 et
940 3658 1053 3717 fallaciae
1067 3659 1208 3729 penniculo
1222 3657 1328 3729 depicta
1344 3658 1425 3713 rerba
1439 3655 1499 3728 plus
1515 3657 1613 3712 virium
1633 3669 1696 3713 cre·

60 3754 132 3807 ω’,
146 3739 187 3813 l)-
200 3740 254 3799 Sed
270 3743 294 3798 si
313 3742 377 3815 quid
393 3752 563 3815 contemptus
584 3744 732 3814 transierit,
756 3760 852 3803 vereor
903 3753 973 3811 datis
990 3752 1099 3820 babere,
1119 3767 1198 3824 quam
1219 3749 1358 3808 toritatem
1374 3748 1458 3805 Roma
1476 3761 1555 3818 quam
1579 3746 1696 3805 retinet?

58 3831 178 3903 aequasi
193 3832 311 3890 validum
326 3843 435 3904 putetur
450 3848 503 3890 noa
520 3834 640 3906 tetigisse
656 3834 783 3893 formido.
798 3837 853 3895 lle·
904 3845 1010 3917 Ergone
1027 3845 1073 3902 ilie
1091 3845 1314 3915 disceptationem
1329 3840 1371 3900 tel
1384 3841 1554 3914 importunus
1568 3839 1643 3909 adiit,
1653 3838 1696 3895 vel

62 3921 111 3980 lius
124 3934 165 3982 est
178 3925 259 3985 nobis
277 3942 338 3984 cnm
356 3926 437 3985 beato
456 3929 541 3987 Paulo
559 3929 739 3988 insultationis
759 3947 853 3991 causas
903 3945 1073 4008 exspectatus
1088 3922 1328 4009 aulegitilirgone
1342 3936 1415 3992 illam
1435 3933 1633 3992 multitudinem
1648 3932 1696 3991 de·

65 4012 191 4087 incidere,
204 4028 234 4074 e?
246 4019 325 4090 plena
337 4034 403 4076 voce
414 4021 522 4078 testari:
539 4018 636 4079 Vectio
648 4039 705 4078 ιιιι
716 4024 851 4096 irraipieas,
904 4039 973 4088 rote
988 4031 1044 4087 beo
1058 4030 1154 4102 plebis,
1171 4046 1224 4087 non
1244 4045 1293 4103 pro
1310 4030 1373 4087 ildei
1388 4029 1526 4102 diligentia
1544 4027 1696 4086 Christiana

65 4121 151 4163 ’Ν
165 4110 285 4182 milii&
300 4110 343 4182 (Η
356 4110 416 4168 θοι·
433 4127 481 4181 ¹¹¹,
500 4112 555 4185 ¹¹)-
566 4112 685 4170 Hotcine
701 4129 765 4186 ergo
780 4118 854 4172 nullo
904 4123 989 4194 magis
1003 4125 1178 4194 exspectatio,
1196 4139 1274 4195 quam
1287 4123 1361 4180 luror
1375 4125 1518 4181 evocarit?
1536 4121 1697 4196 Quisquam·

68 4198 199 4257 mm
223 4203 358 4273 0¹⁰ffll¹⁰s
378 4212 407 4259 1¹¹
427 4205 596 4261 Sioeldfflilffl
622 4221 687 4277 papa
710 4207 853 4266 concilium
905 4216 987 4272 need
1005 4216 1171 4273 inferendam
1186 4217 1339 4272 violentiam
1355 4231 1467 4273 currens
1491 4218 1623 4289 lacrymas
1647 4205 1695 4273 oo·

70 4300 232 4363 mavooaret,
247 4294 324 4366 cujus
338 4297 480 4354 arbitrium
495 4306 537 4354 est
553 4297 678 4355 collectio
698 4301 855 4371 synodalis?
906 4309 984 4364 mites
1008 4306 1099 4374 babet,
1121 4308 1212 4377 etqui
1232 4306 1323 4362 studet
1347 4321 1408 4363 esse
1429 4307 1577 4373 tonnidini,
1592 4306 1696 4363 nultum

71 4390 195 4454 tttparra
207 4393 368 4456 erantque
383 4387 605 4469 devestriscum
620 4390 670 4446 bac
684 4392 855 4450 multitudine
906 4398 1025 4456 timentis
1049 4397 1186 4454 ostendit?
1208 4396 1348 4456 ilultitudo
1370 4398 1416 4454 ilia
1434 4398 1528 4469 juncta
1547 4397 1695 4455 sacerdotis

73 4472 225 4537 laetaminis
235 4479 445 4539 damnarentur?
458 4487 467 4517 ¹
479 4485 573 4541 llonrm
587 4485 691 4542 directa
701 4487 783 4543 rerba
792 4497 856 4545 sunt
907 4490 1005 4548 olilciis
1020 4492 1109 4549 attulit
1122 4490 1154 4548 ad
1166 4506 1217 4548 nos
1226 4491 1354 4562 lamenta,
1371 4507 1423 4548 non
1435 4489 1544 4562 jacula:
1558 4505 1607 4546 nec
1623 4489 1696 4546 venit

73 4576 208 4624 onmem:
226 4571 407 4644 'Ummidii‘
424 4573 585 4631 θ’θῑῑθθῐῦῠῑ
601 4575 634 4631 ib
646 4576 774 4646 ‘limiti’
793 4592 852 4647 ⁸¹¹⁰,
907 4586 968 4643 telis
981 4586 1081 4656 minax,
1095 4586 1144 4644 sed
1154 4585 1261 4644 fletibus
1274 4585 1453 4643 miserabilis:
1468 4598 1520 4642 una
1536 4593 1637 4641 teritum
1652 4583 1696 4639 in·

72 4667 121 4714 ¹⁰¹⁸
134 4662 278 4718 Μῑθῦῑῑθ
289 4670 405 4734 lembum
422 4679 471 4734 pro
482 4664 563 4721 dubii
578 4668 731 4738 ⁵¹¹⁸lii⁰l⁰¹¹0
748 4669 850 4727 discet·
907 4680 1054 4737 tentionem
1066 4688 1184 4736 vestram
1194 4680 1374 4737 ostentatione
1383 4686 1541 4751 granatura;
1555 4676 1617 4749 quia
1630 4675 1696 4733 ube-

65 4752 133 4843 err,
156 4755 328 4812 martenam
348 4757 375 4813 in
390 4773 453 4815 eum
476 4773 618 4816 ramanae
638 4762 852 4820 malumminat
906 4769 1696 4841 arbusculorumnuminibusocmmsnabac,qaamesser

72 4841 139 4916 *⁸1⁰⁸
151 4850 190 4906 fei
210 4848 389 4906 ministerium
403 4851 530 4909 devotum
547 4852 603 4909 Deo
616 4855 735 4924 oportuit
756 4870 851 4927 agmen
906 4879 954 4934 per
966 4864 1140 4921 acerbitatem
1154 4875 1271 4920 nestram
1284 4862 1403 4918 conditio
1417 4861 1531 4919 dolenda
1545 4860 1652 4934 pulsati,
1668 4867 1697 4918 et

25 4998 29 5005 .
73 4946 210 5010 ΜΘΝ,
230 4948 260 4997 ΰῑ
281 4942 378 5011 perditi
399 4951 428 5000 0⁸
449 4944 582 5015 promitti
608 4949 696 5016 tretis
717 4947 853 5005 ulceribus
906 4957 933 5015 in
947 4957 1094 5014 sobrietate
1109 4955 1255 5013 verterandi
1275 4955 1408 5013 examinis
1422 4955 1567 5012 afflictione
1585 4954 1700 5037 propria·

94 5052 107 5133 '¹
119 5053 214 5110 Nosne
223 5055 411 5142 dissuasoria
423 5061 630 5143 sarit-caaoaem]
641 5062 795 5146 Symmachi
805 5067 860 5120 no·'
905 5072 1073 5129 didascalice
1093 5072 1289 5141 disputationes
1312 5072 1438 5129 dicuntur
1459 5082 1591 5129 accuratae
1608 5081 1635 5127 et
1660 5070 1696 5126 ad

10 5160 12 5179 .
74 5132 140 5194 nans,
155 5141 210 5210 nou
227 5126 342 5211 Errrrodn
356 5138 454 5204 citatur
468 5134 513 5187 inc
525 5131 601 5188 locus
613 5148 628 5186 a
641 5131 770 5190 Gratiano
781 5135 850 5202 vlit,
904 5142 1054 5200 docendum
1069 5143 1191 5199 idonee:
1208 5142 1279 5197 unde
1291 5143 1325 5197 ab
1340 5143 1485 5200 aristotele
1497 5159 1550 5200 una
1564 5144 1696 5215 copulan-

10 5254 12 5279 Ι
75 5205 95 5275 ιζ
105 5192 128 5263 t,
139 5212 201 5267 quta
216 5212 278 5254 cum
296 5198 402 5281 lrbellus
412 5200 527 5257 Ennodii
542 5202 653 5274 synodis
664 5204 852 5275 Sytnmaclria·
906 5217 987 5272 ωιτὸ
998 5215 1178 5291 ἀκμςέστφιι
1190 5217 1233 5268 και
1243 5211 1497 5291 &tumueram
1698 5256 1700 5263 .

10 5286 13 5315 ι
75 5275 116 5330 ιιι,
128 5277 156 5321 ut
168 5268 252 5351 paulo
261 5279 327 5355 arcte
342 5268 443 5328 dictum
458 5281 511 5336 est,
531 5287 594 5356 cum
613 5275 671 5344 pari
685 5277 853 5333 auctoritatis
941 5284 1030 5342 ‘cem
1043 5296 1159 5341 maceras
1176 5282 1379 5356 quetcriuisaet]
1402 5284 1696 5356 ingressusestsyno-

76 5344 241 5423 parogattsa·
260 5351 379 5424 insertus
401 5355 484 5425 esset,
506 5360 566 5415 quae
588 5361 615 5399 tn
635 5360 672 5426 eo
692 5358 778 5409 erant,
805 5361 854 5418 pro
906 5358 969 5421 dum
992 5357 1166 5427 symmachus
1193 5355 1281 5423 primo
1301 5365 1446 5418 consentu,
1468 5360 1513 5426 qni
1537 5357 1564 5411 in
1584 5353 1695 5410 basilica

75 5408 213 5475 brumacbt
233 5426 319 5481 rpsrus
333 5410 448 5469 decretis
464 5424 509 5468 aut
526 5417 668 5472 sententiis
684 5415 777 5473 baberi
798 5434 854 5474 coe·
906 5428 968 5484 tulii
983 5437 1059 5483 actus
1070 5435 1128 5483 est:
1142 5426 1175 5480 ad
1194 5426 1309 5481 alterum
1329 5428 1391 5483 item
1412 5428 1599 5483 sessorianum
1615 5419 1698 5491 proil-

75 5486 164 5565 wenc
175 5480 364 5565 Pffoellebissl
378 5493 466 5567 wien}
477 5487 644 5542 0³¹¹³¹¹¹0⁸l¹¹i
655 5487 851 5556 schlsffliliwt,
905 5498 1065 5566 ciseebatur‚
1082 5510 1143 5552 cum
1157 5496 1192 5553 ab
1215 5496 1376 5555 adversariis
1394 5499 1423 5551 in
1442 5499 1484 5552 uia
1497 5499 1696 5552 circumventus

76 5545 111 5614 iti
127 5563 267 5635 mosenum
282 5552 401 5634 'obtentu
416 5555 520 5639 quibus·
533 5555 722 5640 Sprtnmaolnrm
739 5561 854 5631 impete·
905 5583 938 5625 ac
948 5571 1024 5624 caeeis
1037 5569 1093 5623 suis
1105 5582 1172 5631 irene
1181 5582 1325 5638 oppressus
1333 5581 1375 5625 est
1387 5586 1394 5623 ι
1407 5569 1477 5637 quod
1491 5562 1696 5633 utrumqucjanr

76 5613 134 5697 iant,
146 5622 342 5680 discessionem
350 5624 384 5680 ab
394 5634 499 5683 eoante
511 5633 616 5696 pudicit,
632 5629 729 5685 nedum
744 5640 855 5689 senten-
906 5654 985 5710 supra
998 5644 1279 5695 caarnmemorarimus.
1295 5637 1359 5693 Post
1374 5652 1433 5692 eam
1458 5637 1559 5693 ιιιᾰιιιι
1575 5649 1697 5693 commo·

76 5691 363 5763 M'emlfflfioeffltl·
907 5712 977 5767 nitus
1000 5726 1034 5765 an
1052 5724 1159 5764 rursum
1182 5710 1215 5764 ad
1239 5709 1334 5779 synodi
1358 5708 1489 5775 judicium
1512 5708 1587 5766 exire
1602 5707 1694 5780 vellet,

72 5755 109 5789 '¹
140 5763 145 5774 ·
1023 5783 1028 5793 .
1085 5779 1091 5791 .
1335 5778 1341 5790 .

100 5828 110 5860 ⁸
120 5760 382 5908 Βιιῖυῗᾶἒὲῗιῗιηΐ]
388 5836 501 5896 ironice·
512 5839 577 5897 liam
589 5839 760 5899 διδασκαλικοὶ
771 5844 851 5912 lto'yot,
905 5781 1029 5852 compen!
1041 5794 1071 5838 ω
1081 5794 1142 5849 lure
1155 5794 1233 5850 me
1248 5787 1364 5849 nomn·
