3906 6180
159 362 212 421 237
621 366 700 424 vtis
718 365 748 423 B.
769 365 942 425 spinnand
952 366 1113 426 crisconi
1133 363 1334 427 ticinensis.
1738 371 1795 433 sin

160 491 233 548 mine
253 494 283 543 nt
308 485 492 556 triplicatum:
513 484 575 539 boni
598 486 767 553 imperatoris
781 495 823 541 est
847 486 1135 557 posses-Adicnrnm.
1166 486 1280 541 stabam
1306 484 1477 542 mussitantes
1498 496 1525 543 et
1555 486 1659 545 attoniti
1684 489 1795 560 populi,

159 584 231 640 soris
243 581 393 651 opulentis.
403 577 528 634 Concede
541 576 738 633 immunitatem
754 582 816 634 anni
836 594 954 650 prasen-
1004 591 1094 633 casum
1109 577 1136 632 in
1147 592 1201 633 uno
1211 578 1319 634 bomine
1332 578 1412 635 totius
1423 580 1566 649 provincie
1580 582 1793 651 considerantes,

159 674 194 730 tis
203 670 437 744 Liguriae‚!quieos
450 669 569 725 externis
579 668 625 740 qui
637 670 799 741 supplicant,
809 671 951 728 reduxisti.
1003 676 1032 723 et
1047 669 1123 725 lunus
1137 669 1229 724 mundi
1248 680 1410 728 metuentes.
1424 671 1545 741 Septimo
1565 683 1652 728 tanuen
1673 674 1718 730 die
1738 673 1796 729 irru-

159 766 245 836 Quam
261 765 371 820 uberem
392 771 552 831 presentem
576 748 740 817 nativitatem
767 761 951 832 babuerimus,
1005 760 1125 832 pinetum
1140 762 1246 831 scelus,
1262 762 1405 819 ineiiabilis
1422 764 1576 833 calamitas,
1598 764 1795 834 inexplicabilis

158 859 305 914 clementia
319 864 409 910 vestra
424 862 544 910 astantes
556 853 712 927 interroget.
727 853 813 911 tiemo
825 855 862 910 llll
877 869 953 910 men·
1001 849 1090 909 tuens
1104 853 1228 912 accessit.
1245 852 1299 910 Sed
1314 867 1374 909 cum
1396 852 1567 927 beatissimus
1586 867 1707 912 cerneret
1730 870 1796 925 prou·a

156 953 235 1016 titur,
246 951 289 1006 cui
302 948 423 1005 seruiunt
437 946 676 1018 quicouvincaut.r
689 946 793 1004 ddbaeo
808 948 949 1017 princeps:
1004 943 1083 1006 tilex.
1099 945 1204 999 sarcina
1222 946 1311 1000 carnis
1330 944 1435 1016 abiecta
1454 931 1588 1008 maturius,
1604 961 1634 1000 se
1651 946 1683 1000 ad
1700 961 1795 1015 purum

108 1038 111 1062 ⁵
159 1040 474 1100 ‹Licetnosimmanium
487 1053 668 1110 expensarum
684 1039 788 1110 pondus
800 1038 913 1103 illicitet,
924 1046 953 1094 et
995 1035 1112 1116 *aetheris
1122 1037 1232 1108 evolare
1242 1036 1394 1108 fulgorem:
1410 1037 1485 1109 cujus
1496 1053 1547 1093 vox
1560 1038 1603 1092 illa
1617 1052 1722 1108 sennim
1734 1038 1793 1106 luit,

157 1153 209 1212 pro
224 1136 344 1209 ipsotntn
360 1133 450 1204 quiete
468 1130 562 1202 legalis
576 1129 760 1186 indesinenter
775 1144 884 1187 munera
898 1130 952 1185 lat·-
1007 1122 1074 1180 illm
1089 1127 1171 1183 cicere
1199 1125 1317 1184 Christus
1340 1137 1393 1198 est,
1414 1138 1437 1184 el
1452 1131 1517 1183 mori
1531 1128 1630 1184 inertem
1647 1128 1758 1201 (Pltltp.
1773 1145 1793 1195 l,

144 1211 276 1303 'giemum
298 1235 388 1282 tamen
414 1224 455 1279 vis
477 1223 636 1279 meritorum
659 1231 768 1277 tuorum
795 1219 951 1277 tractatibus
1002 1214 1234 1287 tillmoantmo
1248 1219 1473 1275 acvultusercno
1487 1218 1795 1276 illosvcrsiculosbari-

157 1322 259 1379 nostris
269 1326 424 1376 reverenter
435 1317 588 1373 intervenit.
604 1315 679 1386 Opus
692 1324 734 1371 est
749 1315 806 1370 lieri
821 1314 950 1385 quidquid
1002 1306 1076 1362 dicos
1094 1310 1192 1378 saepius
1212 1307 1370 1378 repetebat:
1386 1308 1576 1364 Misericordiae
1591 1319 1658 1378 tune,
1674 1308 1793 1377 Dcndne,

156 1408 323 1488 injunxeris:
340 1411 418 1483 juvat
431 1424 511 1468 omne
534 1407 604 1480 quod
627 1406 770 1479 precipis:
786 1406 950 1462 aestimamus
1001 1395 1352 1452 {carmentriacensis
1377 1398 1540 1468 9111111110111
1560 1410 1583 1454 11
1604 1402 1795 1473 11111111111110·

108 1559 109 1564 1
157 1509 232 1565 enim
243 1497 947 1575 compendiisnostnsacjtctmuooipsedeoerpsmrs.
1001 1486 1124 1540 nuntiabo
1134 1488 1263 1541 ueritatem
1275 1500 1344 1543 tunm
1354 1489 1381 1542 in
1392 1503 1435 1543 ore
1446 1487 1597 1562 meo(Pacl.
1612 1507 1739 1573 txxxutrt,
1755 1492 1794 1565 1).

155 1597 229 1656 ijjp
244 1605 272 1652 gu
293 1594 371 1666 quasi
392 1607 425 1648 ῃ
440 1590 570 1647 accidenti
587 1589 752 1659 depreceris,
766 1590 813 1660 qui
834 1588 917 1645 hahes
933 1606 950 1644 a
1001 1573 1037 1631 Et
1049 1576 1131 1632 illud:
1149 1577 1180 1632 in
1195 1597 1288 1635 mantra
1301 1590 1367 1649 tuos,
1384 1582 1501 1649 bomine,
1515 1588 1660 1641 contuendo
1674 1587 1795 1657 spirituus

155 1688 234 1749 nebia
252 1687 368 1761 plurima
388 1700 448 1756 guas
466 1697 602 1753 reposcas.
620 1682 690 1737 buas
706 1689 794 1737 tamen
809 1682 951 1751 praesentis
1000 1681 1085 1722 mcum
1100 1667 1186 1740 (Pid-
1203 1686 1273 1739 ¹¹¹2
1292 1671 1331 1744 ⁶)·
1346 1671 1401 1729 Nec
1417 1690 1470 1728 111111
1493 1675 1635 1746 adlicit!bat
1648 1677 1681 1732 1111
1703 1679 1794 1748 perle-

154 1780 310 1842 indictionis
330 1776 431 1833 llscalis
443 1773 538 1831 calculi
563 1781 653 1845 partos
667 1774 793 1829 cedemus
805 1788 813 1836 ς
840 1771 949 1827 tertiam
1001 1757 1792 1836 1110111111111111(31111111111111111111111111111011111,

155 1866 516 1938 uutummodosusceptmi,
528 1880 561 1921 ne
571 1873 616 1920 aut
627 1863 713 1919 aerarii
726 1862 811 1918 nostri
825 1862 949 1932 angustia
963 1851 987 1914 B
1000 1863 1025 1912 et
1039 1856 1181 1912 exaltatum
1195 1869 1232 1913 est
1254 1876 1334 1914 cornu
1357 1878 1440 1917 meam
1454 1863 1481 1918 in
1496 1862 1551 1920 Deo
1574 1865 1682 1921 tatami
1697 1881 1752 1920 meo
1766 1863 1794 1936 (l

151 1943 286 2024 'promente
298 1962 386 2036 pariat
401 1961 502 2028 majora
515 1957 664 2028 dispendia,
676 1963 722 2038 aut
732 1955 893 2028 supplicatio
905 1965 949 2012 tua
998 1946 1067 2021 disp.
1081 1965 1110 2017 ιι,
1126 1950 1173 2023 1);
1188 1961 1217 2006 ut
1234 1951 1341 2024 hymnis
1356 1962 1384 2010 et
1402 1955 1514 2012 canticis
1527 1964 1555 2012 et
1569 1957 1596 2012 in
1618 1965 1705 2013 morte
1719 1971 1794 2013 reso-

153 2063 311 2127 exspectata
324 2051 413 2123 patriae
426 2049 522 2120 gaudia
535 2057 750 2122 nonreportet.»
767 2047 869 2104 Taliter
882 2063 949 2120 prae·
1001 2058 1070 2100 nans
1088 2043 1226 2101 adsedem
1240 2060 1317 2102 suam
1332 2048 1450 2105 coelestis
1461 2050 1551 2106 aniura
1564 2059 1696 2107 remearet
1710 2070 1717 2104 a
1732 2065 1793 2120 quac

156 2146 215 2204 ιιιο
226 2145 283 2217 regi
304 2144 357 2215 egit
374 2142 473 2215 gratias
489 2153 609 2195 summus
631 2141 744 2195 antistes
765 2157 772 2193 a
793 2141 949 2205 ancorale
999 2135 1251 2210 quiunquagesituum
1269 2139 1417 2197 ‘ocnvnua
1439 2143 1526 2199 atatis
1543 2157 1642 2199 anuum
1660 2142 1736 2198 duxit
1758 2143 1793 2197 ad

110 2288 113 2294 .
154 2238 249 2295 dicens
262 2232 401 2291 abscessit.
416 2232 472 2287 lieu
486 2230 564 2286 dolor
581 2239 661 2302 atque
674 2229 808 2302 gemitus!
823 2231 948 2288 uentribus
1000 2231 1154 2287 tumulum:
1179 2232 1288 2303 triginta
1307 2232 1334 2289 in
1357 2235 1407 2301 bac
1424 2226 1600 2302 sacerdotali,
1623 2236 1745 2306 qualem,
1764 2244 1792 2291 et

153 2330 229 2402 guasi
249 2326 369 2400 supremi
395 2323 477 2381 oiiicii
497 2324 538 2378 vel
563 2323 662 2379 ultimas
678 2322 839 2380 visitationis
857 2323 948 2382 studio
999 2322 1022 2378 si
1037 2327 1183 2396 excerptim
1198 2326 1284 2383 lector
1297 2328 1415 2385 attendis
1429 2329 1573 2402 scalptam,
1587 2330 1792 2389 conrersatione

152 2421 266 2494 impiger
276 2417 449 2475 occurrebat
462 2416 496 2471 Et
509 2429 570 2472 cum
581 2415 677 2470 domus
691 2413 777 2485 ipsius
787 2413 947 2475 Christianae
999 2419 1110 2474 eremit.

153 2512 335 2572 multitudinis
354 2509 447 2565 turbas
471 2517 624 2575 evomeret,
651 2509 709 2577 ipse
723 2510 947 2566 tamenomnium
1034 2506 1101 2564 illud
1116 2523 1232 2581 nauaque
1249 2509 1356 2567 silentio
1372 2512 1512 2582 praeterire
1534 2528 1587 2567 nnn
1610 2512 1706 2581 debeo,
1720 2512 1792 2585 uano

152 2607 301 2682 penetralia
326 2604 434 2660 adibat:
452 2602 554 2658 nullum
568 2602 692 2689 lrumauae
707 2603 807 2659 mentis
820 2605 947 2661 crassitu-
998 2599 1059 2672 ejus
1068 2610 1170 2657 sanctae
1183 2602 1304 2675 reliquie
1315 2617 1400 2674 usgue
1413 2605 1439 2659 in
1452 2605 1523 2662 diem
1534 2606 1653 2676 tertium,
1665 2622 1718 2678 quo
1731 2622 1792 2663 curu

152 2700 217 2776 dina
231 2699 384 2755 hebetatum
401 2695 526 2766 tangebat
542 2703 594 2750 tam
611 2693 716 2750 lunesta
731 2694 860 2765 suspicio,
875 2695 946 2766 quod
999 2702 1105 2747 summa
1121 2694 1293 2750 veneratione
1305 2695 1450 2752 recondite
1464 2695 1649 2766 dinoscuntur,
1662 2706 1735 2755 tanto
1751 2699 1792 2755 lu-

153 2792 272 2849 instaret
283 2787 408 2845 moritus
421 2785 490 2858 eius,
505 2799 583 2856 quem
599 2783 644 2842 ille
655 2785 767 2856 spiritus
781 2786 947 2843 revelatione
999 2784 1072 2841 mine
1089 2799 1122 2842 ac
1136 2786 1234 2844 decere
1248 2789 1351 2845 nestitae
1366 2798 1523 2846 cunctorum
1538 2791 1603 2847 visas
1617 2799 1680 2846 suot
1694 2791 1781 2847 oculis

152 2881 295 2940 cernebat.
311 2877 439 2949 Ninguido
452 2891 526 2944 aere,
540 2886 567 2933 ct
588 2877 659 2947 quali
674 2877 761 2933 solent
775 2876 898 2935 homines
911 2880 946 2936 ad
1000 2885 1028 2931 ut
1043 2877 1217 2949 splendorem
1234 2881 1295 2936 vitae
1311 2881 1398 2937 vultus
1412 2883 1530 2953 signaret
1549 2882 1684 2951 defuncti,
1705 2893 1733 2940 et
1745 2884 1791 2941 de·

152 2967 222 3032 tecla
248 2970 410 3043 coningere,
429 2971 584 3026 liavennam
609 2984 735 3040 egressus
761 2978 821 3037 est,
842 2980 870 3026 et
897 2987 946 3042 per
999 2971 1114 3039 positam
1129 2969 1308 3041 gloriumjam
1328 2987 1399 3027 nunc
1420 2974 1572 3043 percepisse
1585 2973 1730 3042 gloriosum
1746 2990 1792 3030 vas

153 3081 246 3124 ornnes
266 3064 387 3122 AEmiliae
407 3063 530 3119 civitates
553 3062 627 3118 celer
650 3063 742 3128 venit,
768 3070 892 3134 nuquam
910 3064 946 3119 ad
999 3059 1167 3131 crederetur,
1192 3062 1220 3118 in
1239 3078 1293 3134 quo
1306 3078 1370 3120 rere
1392 3063 1443 3119 luit
1457 3065 1599 3121 thesaurus
1611 3067 1702 3138 magui
1722 3068 1792 3139 regix

153 3157 270 3231 sepulcri
288 3136 487 3226 receptaculum
498 3168 663 3225 properans:
681 3155 806 3211 omnibus
817 3156 947 3213 sacerdo·
999 3151 1247 3225 inclususliuaeibi
1261 3155 1367 3212 luerunt
1380 3154 1490 3212 flumina
1503 3159 1792 3231 lacrymarumquauti

154 3252 257 3309 diesin
268 3251 365 3308 itinere
376 3248 471 3321 positis
481 3249 634 3317 munificus,
646 3250 808 3321 communis,
818 3249 946 3321 affabilis,
961 3228 985 3294 C
1000 3244 1133 3316 planctus,
1142 3244 1239 3312 silebo,
1251 3261 1284 3302 ne
1294 3244 1355 3317 p'ost
1365 3262 1495 3317 annosae
1509 3250 1641 3306 curricula
1656 3251 1792 3308 novellum

154 3353 182 3402 et
191 3343 268 3416 quasi
282 3345 289 3376 1
303 3343 450 3415 exagellam
466 3341 631 3413 relinquens,
645 3356 676 3398 se
692 3342 751 3412 ipso
764 3343 946 3411 prestantior.
1000 3335 1129 3392 dolorem
1149 3337 1264 3406 scriptor
1288 3337 1426 3393 incutiam.
1454 3338 1625 3412 Quacumque
1644 3342 1680 3399 ibi
1707 3354 1793 3400 mater

155 3434 189 3493 Ut
203 3433 330 3491 Parmam
341 3445 430 3492 tamen
444 3433 563 3502 eiusdem
578 3433 628 3488 rias
648 3435 784 3503 ingressus
798 3441 838 3489 cst
852 3434 945 3490 cirita·
999 3428 1083 3496 uenit,
1098 3428 1239 3485 liberatum
1262 3429 1386 3485 clamarit
1400 3429 1433 3486 ab
1449 3431 1494 3486 illo
1510 3430 1611 3500 iulium3
1627 3449 1792 3505 quaeeutrquo

154 3537 222 3590 tem.
238 3527 364 3586 continuo
374 3543 436 3585 eum
449 3527 604 3597 coagulatus
618 3528 645 3582 iu
656 3527 779 3583 vitalibus
795 3527 890 3582 humor
903 3526 946 3582 in-
999 3534 1079 3589 otor,
1093 3525 1217 3578 maritum
1230 3540 1237 3590 ;
1256 3537 1423 3594 quaecuuque
1436 3536 1524 3592 soror,
1538 3525 1664 3592 iratreot;
1680 3528 1724 3598 qui
1735 3543 1790 3585 cac·

155 3619 236 3686 indit,
247 3634 325 3690 quern
337 3620 489 3677 catharrum
504 3620 600 3676 tucdici
612 3631 725 3676 vocant:
741 3620 784 3690 qui
800 3634 830 3675 se
842 3619 947 3676 medul-
1000 3606 1069 3682 lebs,
1086 3632 1116 3672 se
1129 3616 1225 3687 ipsum.
1236 3617 1376 3672 Postremo
1389 3617 1414 3672 in
1427 3617 1472 3672 illa
1488 3626 1559 3673 tanta
1573 3618 1710 3676 bominum
1722 3622 1792 3677 mul-

155 3709 220 3767 litus
230 3714 352 3769 itrserens
363 3711 392 3767 in
403 3713 506 3768 ruinam
521 3713 654 3783 publicant
665 3712 810 3776 serviebat.
819 3714 872 3769 Sed
882 3713 945 3783 quid
1000 3709 1114 3765 titudine
1137 3720 1164 3765 et
1193 3719 1344 3780 conventu,
1370 3717 1399 3764 ut
1421 3710 1550 3767 audenter
1566 3712 1686 3780 dicam,
1711 3715 1792 3773 totius

153 3801 282 3860 iorntidas
296 3802 410 3860 oratiol
432 3803 497 3874 quid
512 3803 584 3859 uolut
598 3806 608 3835 ¹
626 3804 701 3859 nauis
716 3803 805 3874 tragos
819 3804 947 3873 scopulos
999 3801 1074 3858 orbis
1091 3817 1170 3859 uerno
1189 3801 1239 3858 luit
1256 3804 1300 3875 qui
1316 3802 1455 3880 beneficiis
1469 3803 1541 3859 illius
1560 3803 1659 3875 aliquid
1678 3821 1730 3864 nou
1746 3806 1792 3864 dc·

157 3894 360 3966 perhorrescist
376 3894 460 3960 Velis,
475 3895 556 3965 nolis,
572 3901 599 3951 et
613 3897 635 3949 si
657 3895 781 3962 strictim,
797 3895 873 3964 cujus
890 3894 946 3949 rita
1000 3896 1084 3953 beret.

155 3985 224 4043 dicta
238 3992 288 4056 ea't,
303 3987 454 4044 narrandus
468 3999 510 4044 est
524 3988 634 4044 obitus:
659 3990 785 4058 quoniam
800 3987 871 4043 nulla
885 4000 947 4056 pro·
1035 3988 1089 4046 Sed
1108 4004 1199 4060 quaeso
1210 3987 1266 4060 jam
1288 4001 1467 4061 temperemus
1486 3990 1640 4068 clastibus
1655 4005 1663 4047 t
1683 4000 1792 4049 contra·

156 4080 277 4136 meinos
307 4078 413 4146 libelli,
442 4079 523 4135 nullis
546 4079 746 4136 dilatationibus
772 4077 946 4148 promulgatae
999 4089 1069 4137 curn
1085 4082 1191 4137 tristitia
1208 4082 1375 4138 resolvamus
1390 4082 1516 4138 lroutetu.
1533 4084 1644 4141 Excelsa
1659 4100 1719 4140 rum
1734 4085 1791 4141 [ico

157 4171 388 4241 laudis,transitus
404 4173 488 4244 ipsius
507 4174 754 4246 poteritoecultari.
771 4173 805 4227 Et
822 4171 946 4242 quamuis
999 4174 1134 4246 possidet,
1152 4175 1188 4231 ob
1207 4175 1284 4245 cujus
1301 4176 1402 4231 obitum
1419 4191 1566 4233 mreremus
1587 4179 1613 4233 in
1633 4180 1722 4235 terris.
1738 4179 1792 4237 Sed

157 4263 229 4320 telatt
247 4263 380 4336 Scyllaeon
398 4279 480 4322 canes
499 4276 526 4323 et
550 4267 655 4337 patulae
671 4265 822 4338 Charybdis
837 4264 945 4330 iancea,
1000 4256 1062 4336 quid
1071 4264 1258 4338 laciam,quod
1271 4265 1458 4322 remediatoris
1466 4266 1548 4322 uestri
1562 4267 1695 4339 singultus
1708 4268 1792 4326 verba

159 4359 260 4432 bagoaa
286 4361 444 4419 discrimina
470 4378 606 4419 murmure
626 4362 782 4418 minitantes
809 4360 946 4416 velilicans
999 4350 1147 4411 dilllciunti
1162 4354 1288 4426 lacrymae
1303 4369 1349 4409 ora
1368 4349 1550 4424 proluuiluntl
1570 4357 1700 4427 mugitum
1715 4372 1790 4413 reso·

159 4454 243 4511 carina
256 4452 390 4524 diliugiat,
405 4455 494 4512 obitus
505 4455 565 4525 eius
582 4438 746 4527 naulmgium
766 4469 821 4510 non
834 4455 944 4509 omittit.
999 4455 1046 4504 nst
1060 4462 1142 4503 omne
1156 4447 1226 4518 quod
1241 4448 1373 4519 eloquori
1387 4457 1413 4504 et
1429 4448 1550 4520 intelligo
1562 4450 1633 4520 quod
1652 4463 1789 4520 nunquam

160 4541 220 4612 data
234 4544 317 4601 lletus
329 4555 553 4615 narraremetuo,
566 4547 770 4618 guascontinua
783 4560 947 4616 semperne
999 4539 1033 4597 ad
1048 4539 1155 4596 dentem
1170 4539 1238 4597 itens
1251 4540 1320 4598 bene
1338 4540 1428 4596 veniat
1441 4541 1604 4598 consolator.
1620 4540 1682 4597 llaec
1695 4550 1791 4598 sancto

161 4650 229 4694 ause
241 4646 287 4694 eat
296 4647 327 4693 ut
349 4647 480 4699 monstret
494 4637 611 4696 edusiot
635 4641 705 4711 Ergo
718 4638 783 4696 dum
802 4653 833 4695 se
847 4637 946 4709 oppido
959 4603 987 4666 D
998 4623 1072 4690 Patri
1080 4643 1107 4690 et
1117 4634 1220 4690 doctori
1236 4633 1399 4705 peritissimo
1410 4633 1627 4691 idoneusaliectu
1641 4650 1694 4692 non
1703 4638 1791 4695 actem

161 4725 300 4797 intuenti,
312 4747 383 4789 uuae
393 4733 504 4802 misero,
519 4734 720 4805 propinquavit,
731 4735 807 4804 quasi
821 4733 911 4789 alacer
921 4743 948 4789 et
999 4727 1035 4784 tia
1043 4726 1173 4798 impendi,
1183 4736 1210 4781 nt
1217 4726 1321 4799 aliquos
1329 4727 1362 4782 de
1371 4728 1574 4784 conuersatione
1584 4727 1654 4784 illius
1662 4728 1792 4790 &mulos

163 4835 236 4879 ιιιιιι
250 4825 378 4896 appartdt
393 4841 401 4880 a
427 4826 574 4897 quodlicet
591 4840 653 4882 cum
668 4826 679 4858 1
692 4825 815 4881 omuibus
829 4824 948 4880 exsulta·
999 4819 1147 4890 relegerem
1164 4835 1170 4885 ;
1187 4826 1216 4874 ut
1233 4828 1276 4874 est
1290 4819 1398 4892 longum
1417 4818 1468 4873 iter
1481 4818 1621 4889 agentibus
1632 4820 1661 4875 iu
1675 4837 1724 4878 usu
1741 4841 1789 4894 po·

164 4914 273 4979 donibus
293 4917 332 4973 ob
354 4917 469 4975 redituras
486 4933 565 4975 annm
586 4919 734 4987 introisset,
755 4918 827 4973 illico
849 4917 946 4988 gaudia
998 4912 1093 4978 situm,
1107 4911 1153 4982 qul
1174 4901 1227 4966 non
1243 4924 1337 4966 omnes
1358 4909 1450 4967 obuios
1464 4909 1643 4967 consalutent.
1660 4911 1788 4987 Turuibi,

163 5011 233 5066 verdt
246 5011 275 5066 ia
290 5011 440 5084 lampenas,
462 5027 564 5083 agrum
579 5027 609 5067 se
623 5027 684 5070 esse
705 5012 764 5082 ipsa
781 5011 825 5067 die
843 5009 947 5080 signid·
998 5003 1088 5059 anima
1103 5003 1174 5074 apud
1190 5003 1397 5076 Redemptorem
1421 5012 1540 5060 nostrum
1556 5013 1719 5076 praepotens,
1740 5012 1790 5066 tri-

163 5101 320 5166 cavantem
330 5103 608 5173 gravioremntcun
618 5102 746 5174 grandior
758 5116 808 5171 per
817 5100 877 5157 dies
888 5100 946 5155 sin·
998 5101 1063 5166 bue,
1076 5109 1105 5155 ut
1114 5114 1178 5156 cura
1189 5113 1289 5154 vacuus
1300 5107 1327 5153 et
1340 5105 1449 5169 pectore
1460 5097 1539 5166 liber,
1551 5098 1649 5154 munda
1663 5100 1710 5157 tibi
1721 5101 1790 5158 sicut

163 5192 229 5258 ills·
242 5203 388 5267 appareret
400 5196 555 5263 infirmitas,
568 5195 659 5267 adjuta
677 5203 720 5252 est
740 5192 874 5265 imperitia
888 5206 944 5249 me
998 5191 1132 5252 debentes
1146 5193 1279 5264 praeconia
1289 5191 1406 5248 mundus
1415 5191 1565 5250 exsolvam.
1576 5189 1615 5250 lie
1627 5203 1727 5251 celero
1741 5195 1790 5248 lua·

190 5330 199 5359 1
214 5329 365 5404 flagellem
383 5330 543 5460 velinquenad
566 5330 624 5388 linc
639 5339 698 5400 est,
714 5339 743 5414 ut
766 5330 942 5403 interpretor,
996 5334 1069 5406 gium
1085 5333 1173 5389 iacere
1184 5338 1227 5390 est
1237 5328 1404 5404 ponderare:
1417 5333 1516 5393 trutina
1527 5348 1578 5407 qua
1593 5332 1786 5406 ponderamus,

158 5412 277 5527 manin
290 5403 671 5542 eldbddinmdddmtrutiddgrdllaad
687 5402 942 5555 ddldbiiiddielidadid
996 5402 1288 5555 οιξῧέξέἰήιιίῐιαςοι.

156 5552 233 5612 aquo
244 5544 385 5616 etaginam
398 5556 425 5599 et
439 5545 575 5615 exagium.
591 5545 620 5600 ln
639 5545 748 5614 antipam
762 5552 939 5611 inscriptione
1029 5543 1118 5608 1111,
1136 5544 1260 5598 omniunt.

154 5627 213 5681 enar
230 5618 347 5671 continet
369 5615 486 5672 edictum
509 5614 658 5686 Aproniani
677 5612 707 5672 P.
724 5615 755 5670 l.
774 5616 823 5670 sub
843 5614 940 5686 exagio
1028 5614 1297 5688 ‘Quinquageaimuna
1320 5612 1452 5686 octauam]
1474 5612 1592 5668 bscessit
1611 5612 1705 5668 beatus
1723 5613 1785 5682 lipi-

154 5692 248 5752 pecora
271 5684 403 5752 rendere,
424 5694 466 5741 est
489 5699 606 5756 appensa
629 5684 754 5740 uendere.
782 5684 856 5740 Zeno
875 5686 939 5740 item
992 5685 1107 5757 pbanius
1121 5700 1157 5739 ιιι
1170 5684 1222 5740 cal.
1235 5685 1363 5741 Februar.
1380 5685 1442 5740 anni
1454 5683 1516 5750 tsi,
1531 5698 1602 5739 aratro
1616 5685 1704 5741 aetatis
1717 5686 1785 5742 duo·

153 5765 273 5833 temore
296 5755 363 5811 cad
387 5756 549 5829 neophytos,
564 5756 688 5823 Habuit,
710 5755 808 5824 inquit,
823 5755 940 5824 apinam:
992 5755 1194 5882 dosexagesimo
1213 5753 1332 5810 noudum
1346 5757 1462 5822 expleto.
1478 5754 1567 5821 Quare
1581 5766 1659 5815 natus
1679 5757 1784 5813 videtur

153 5834 267 5892 aegram
285 5824 372 5894 tadu,
384 5827 600 5896 quemadmodem
614 5825 689 5883 cattia
702 5826 850 5898 ponderate.
869 5824 939 5883 Exa—
991 5842 1037 5882 an.
1054 5827 1088 5881 15
1108 5861 1117 5892 ,
1132 5834 1239 5883 creatus
1253 5828 1397 5896 episcopus
1411 5839 1482 5882 anno
1496 5822 1561 5881 let.

178 6011 316 6030 ament·
343 6037 350 6049 a
376 6022 384 6031 .
