3906 6180
149 357 205 414 sot

155 566 237 620 barus
251 566 433 621 consolatione
446 565 583 630 subvenit,
599 565 640 618 tttt
654 572 773 630 metuas,
793 562 829 616 ιιι
843 561 875 615 de
889 561 938 612 truc

155 654 302 709 alllicuione
314 657 433 723 suspires
446 673 451 706 ε
464 658 486 708 ιι
499 665 603 711 ιιιιιοι
618 663 678 708 tuus
692 661 828 722 superest,
846 665 938 720 paruum

154 759 171 799 a
186 744 317 799 libertatis
331 745 445 798 statione
456 745 612 815 sejungeris.
625 745 692 799 Ecce
702 742 844 812 aliquando
857 740 939 794 adluit

154 848 215 888 sors
227 835 323 902 cupitis
337 873 345 898 ,
360 837 448 888 alacer
465 834 528 887 mibi
552 834 695 890 adventurm
719 835 795 888 istius
809 841 835 886 et
851 830 939 897 praedo

154 924 296 977 nuntiauit.
315 923 372 978 Nou
389 923 466 993 longe
481 924 530 978 iuuit
543 926 576 978 ab
593 925 702 993 integras
716 938 807 977 amurre
822 922 939 976 cleruueu-

155 1015 210 1079 tie,
225 1016 269 1083 qui
286 1015 481 1085 redemptorem
497 1018 574 1072 laetus
588 1018 702 1085 excepit.
717 1016 775 1070 Nou
790 1015 939 1077 habuimus,

153 1107 268 1175 judices,
283 1109 404 1164 domiuus
419 1109 598 1167 inlruutnanos:
616 1109 722 1163 luerunt
735 1108 780 1178 qui
793 1108 943 1176 potuissent

154 1204 181 1250 et
197 1213 275 1264 prece
288 1198 384 1252 molliri
402 1216 408 1250 :
423 1198 446 1251 si
457 1198 515 1252 artri
529 1201 644 1268 inopiam
659 1205 878 1264 compensassent
904 1194 942 1248 la-

154 1302 270 1357 crymas,
286 1304 340 1342 uno
361 1299 479 1358 ternpore
500 1300 627 1359 utrosque
644 1290 812 1354 reduxera13
831 1296 942 1342 testatus

155 1384 199 1431 est
217 1377 333 1431 noluisse
348 1378 420 1443 lieri,
435 1380 505 1449 quod
520 1396 572 1434 uon
588 1389 629 1435 est
643 1394 737 1448 tnagno
753 1388 876 1447 precatus
893 1381 942 1432 im·

156 1469 266 1537 pendia.
280 1469 440 1537 Eupetrdirr·‚
459 1486 565 1540 quasso,
580 1472 642 1539 qmd
657 1486 672 1524 a
686 1485 728 1526 me
741 1470 801 1538 jure
817 1470 940 1538 postulet,

157 1561 201 1622 quui
219 1560 282 1613 milti
299 1561 325 1614 in
347 1562 448 1615 ultimis
463 1578 511 1616 ιιι
533 1564 724 1632 supplicatione
742 1561 874 1617 subvenit.
888 1561 942 1616 uld-

155 1649 241 1717 jecisti
268 1649 338 1718 quod
356 1652 499 1719 priulegiis
511 1661 613 1706 naturre
630 1652 744 1706 tumuitus
757 1655 809 1718 s's,
826 1659 853 1705 et
872 1648 941 1719 quod

157 1740 183 1792 iu
199 1755 241 1794 me
256 1740 389 1808 deliquisti
407 1756 458 1795 nou
474 1743 553 1796 luceat
567 1742 705 1797 uindicari.
720 1742 771 1798 Sed
794 1757 846 1796 nott
863 1741 943 1796 trabes

158 1829 319 1884 innocentis·
334 1832 545 1901 prumogatitram,
561 1832 607 1901 qui
621 1832 801 1886 defensionem
816 1846 891 1886 suam

158 1922 237 1976 carin
252 1923 337 1990 apice.
355 1923 448 1977 insons
461 1925 574 1978 actionis
588 1924 647 1978 lutee
662 1926 763 1979 nitent:
778 1924 844 1979 citra
865 1924 944 1977 dissi-

160 2013 331 2067 mulationem
352 2015 464 2068 crirrtiua
483 2014 632 2078 confltetur,
653 2015 697 2082 qni
717 2016 743 2068 iu
767 2017 817 2068 lunc
832 2014 942 2067 tutelam

159 2115 231 2156 susm
251 2104 365 2157 aestimat
386 2105 458 2173 qnod
480 2105 604 2173 prraecedit
622 2122 630 2160 2
651 2120 710 2159 reos
731 2104 802 2159 nulla
827 2105 944 2160 delendit

160 2197 301 2249 auctoritas
317 2211 325 2261 ;
342 2197 367 2250 in
386 2197 542 2267 facinorosis
556 2208 722 2253 sacrauruertta
746 2200 860 2253 nominis
882 2214 944 2254 eta·

160 2295 279 2340 neecuul.

191 2375 329 2448 Epilogus.
346 2376 379 2431 Et
393 2378 454 2444 boc,
471 2378 631 2432 sanctissimi
646 2378 815 2447 cognitores,
835 2377 869 2430 ita
885 2387 945 2446 post

159 2472 293 2525 custodias
319 2471 451 2526 latronum
484 2472 536 2525 aliu
563 2472 653 2528 labore
679 2471 793 2540 pectoris
816 2470 943 2540 allegavi,

160 2562 246 2630 qnasi,
271 2564 322 2616 etsi
342 2577 428 2617 essem
450 2563 566 2629 debitor,
591 2565 704 2617 ualerem
726 2562 854 2616 eritibere
874 2562 944 2631 quod

161 2653 287 2719 poscitur.
302 2653 359 2708 Nou
374 2655 528 2708 considerat
539 2654 651 2722 spoliata
668 2655 794 2708 carnibus
809 2668 885 2720 ossa,
902 2654 946 2706 ulu-

161 2744 292 2796 urimtrum
311 2745 505 2800 inltmruanitare
525 2744 678 2810 sordentia,
702 2756 728 2798 ιι
748 2743 878 2813 patelacta
900 2758 947 2811 per

162 2835 302 2891 castrilices
323 2848 423 2892 uratur-se
444 2848 547 2893 secreta
570 2855 622 2892 nuru
648 2839 765 2907 respicit.
788 2840 813 2891 lu
834 2850 947 2904 corpote

160 2941 222 2980 meo
240 2927 267 2981 in
288 2928 372 2983 lucem
397 2931 524 3000 quiulupuirl
546 2930 625 2984 ltomo
644 2940 685 2985 est
711 2933 876 2999 protulerunt
897 2938 948 2983 tor·

159 3029 248 3073 neura
263 3060 271 3083 ‚
286 3031 314 3075 et
335 3023 481 3089 penetralia
504 3024 636 3076 uiscerum
653 3022 768 3077 instante
786 3022 947 3075 cruciatibus

159 3108 291 3179 barbaro,
307 3128 367 3167 cum
387 3123 462 3178 pater
482 3115 547 3168 milti
564 3115 751 3183 dedignaretur
764 3114 875 3180 adesse,
889 3114 947 3167 unl-

160 3211 219 3272 gata
232 3214 306 3257 sunt.
321 3204 427 3258 llodmu
443 3207 534 3259 transit
551 3206 689 3271 atrocitas,
703 3219 762 3273 quas
775 3205 816 3258 rel
833 3205 858 3257 in
871 3203 946 3258 debi·
961 3187 984 3248 C

161 3293 195 3347 tis
207 3293 347 3362 exigendis
359 3309 413 3348 notu
432 3293 551 3362 principe
566 3294 626 3348 loco
645 3296 716 3348 uires
738 3294 893 3362 interrogat.
908 3292 948 3346 Tu

161 3397 220 3437 cum
246 3384 338 3437 uideas
361 3384 448 3437 astatis
468 3384 497 3437 in
518 3398 563 3438 me
583 3382 761 3438 ualetudinem
781 3383 949 3438 miseriarum

162 3471 234 3528 lusce
249 3474 397 3539 mollitam,
413 3489 473 3530 cum
486 3476 534 3528 aut
551 3475 631 3530 robur
643 3474 828 3544 multiplicium
841 3474 949 3529 calami·

165 3571 247 3618 tarum
262 3566 390 3621 uarietate
412 3570 572 3631 corutrirnm,
594 3583 653 3622 cum
677 3576 705 3621 et
725 3567 884 3621 necessitate
905 3579 950 3621 se-

169 3665 251 3709 ucetae
262 3657 373 3710 babeam
390 3667 416 3710 et
427 3659 554 3712 invidiam
576 3657 742 3727 jtuuenrutts,
758 3670 810 3711 non
822 3670 837 3708 a
849 3670 891 3709 me
902 3656 949 3711 de·

168 3744 238 3798 sistis
250 3761 361 3813 poscere
393 3752 464 3816 quod
487 3757 514 3801 et
534 3748 620 3802 bostrs
641 3746 788 3801 remisisset
810 3745 950 3800 eslrausto.

117 3865 121 3876 ·
165 3834 203 3889 Tru
218 3839 335 3904 accipies
359 3839 524 3893 tributariam
550 3841 729 3903 luruuctionem‚
753 3846 781 3892 et
804 3839 889 3892 adbuc
909 3852 952 3892 me

167 3928 348 3995 nuagnitudine
359 3930 484 3994 nominis,
497 3930 739 3999 ergenioparentis
750 3928 880 3994 incessis,
892 3942 952 3983 cum

167 4017 363 4075 miserationem
376 4035 454 4090 qnam
474 4021 556 4076 debes
570 4021 718 4092 cuicunque
732 4021 849 4086 bomini,
865 4020 954 4100 despi-

165 4108 219 4162 cias
233 4110 363 4166 exhibere
382 4114 423 4167 uel
444 4111 556 4182 pignori.
579 4113 699 4182 superna
721 4113 884 4182 dispensatio
905 4113 955 4166 trac

166 4198 340 4255 intentionenr
354 4209 424 4256 tuam
436 4204 558 4259 mercede
569 4206 720 4273 locupletet,
732 4211 762 4256 ut
772 4218 862 4257 rursus
873 4202 954 4273 prolis

167 4298 221 4343 trun
233 4288 328 4346 lum
346 4292 435 4348 sotius
453 4293 597 4363 respicias;
616 4304 643 4350 st
661 4292 706 4364 qui
724 4292 844 4362 gravaris
863 4290 897 4346 de
915 4291 955 4345 ui·

167 4379 224 4435 ruet
238 4385 398 4450 presentia,
412 4384 605 4440 desideriorum
617 4399 748 4440 summam
763 4385 853 4453 capias
865 4382 902 4437 ule
914 4395 956 4435 ste

167 4468 277 4536 pulcris.

455 4539 566 4597 mesto
585 4542 667 4597 xxtt.

419 4633 612 4676 cournovsnsut
632 4638 708 4677 nost.

500 4699 635 4768 Praefatio.

869 352 1051 410 btcttttstss

88 477 89 484 ’
153 473 277 529 renuenti
291 473 355 530 mibi
367 475 441 530 cibos
453 488 520 545 quos
532 487 615 544 putatu
631 472 790 546 prestabat,
810 470 861 525 luae
876 468 936 524 bar·
953 471 976 530 ,ι

1722 353 1772 405 aba

1286 478 1383 516 resurr.
1405 478 1465 516 seu.

1041 554 1165 622 Decepta
1179 552 1277 607 ciuitate
1291 551 1400 605 lrostiuuu
1413 551 1554 606 sacerdotes
1569 558 1591 603 et
1607 547 1721 603 Vestales

1189 623 1297 692 uirgines
1311 623 1381 676 liberi
1394 624 1566 675 dinuittantus.

1025 737 1088 792 l‘ost
1110 735 1241 792 secundos
1264 735 1349 789 bellici
1374 735 1529 789 certamInts
1554 743 1680 796 euentus,
1707 732 1777 786 inter

990 826 1140 895 triumphos
1155 833 1182 880 et
1197 824 1301 878 laturas
1316 825 1387 876 uires
1404 823 1501 877 trabere
1515 837 1566 875 nour
1582 831 1669 889 potest
1684 821 1725 875 les
1741 819 1775 872 aul

992 915 1167 970 resistendum
1184 915 1294 967 recitata
1311 911 1464 965 sictonbus.
1483 910 1550 978 Quid
1566 910 1660 977 gladiis
1674 924 1722 978 per
1737 907 1776 960 al-

991 1003 1133 1058 lectionem
1156 1003 1248 1056 ruortis
1267 1001 1385 1070 egiuuus,
1402 999 1425 1053 si
1445 1002 1496 1052 orit
1514 1000 1583 1065 qrmd
1604 1010 1663 1068 post
1685 997 1776 1066 praelia

993 1088 1182 1144 lormidemtrsi
1196 1089 1270 1144 lacet
1284 1100 1345 1143 ante
1359 1088 1449 1142 oculus
1463 1102 1536 1143 meos
1546 1088 1673 1157 quidquid
1688 1088 1778 1142 bacte-

993 1195 1042 1235 uus
1052 1179 1361 1234 minabatttrexanimnm
1377 1219 1385 1243 ‚
1402 1185 1430 1232 et
1452 1187 1592 1246 postquam
1606 1177 1663 1230 lusa
1675 1186 1715 1231 est
1728 1176 1777 1229 ini-

992 1271 1059 1324 mica
1072 1270 1237 1339 congressio,
1252 1268 1341 1322 nescio
1353 1266 1415 1336 quid
1430 1266 1505 1320 nobis
1515 1266 1628 1319 alierum
1640 1265 1778 1318 detuncto-

993 1376 1050 1414 rum
1079 1361 1228 1430 principum
1260 1360 1367 1414 decreta
1392 1359 1511 1412 terroris.
1543 1357 1634 1412 Nescrt
1660 1363 1777 1426 prolate

992 1451 1144 1519 qualitatem
1157 1450 1261 1522 uirtutis
1272 1449 1433 1518 expendere,
1444 1448 1488 1513 qui
1498 1446 1531 1501 de
1541 1447 1692 1500 cluaramm
1703 1448 1777 1500 iusum

993 1539 1113 1604 superbit
1126 1539 1245 1591 armatis.
1262 1537 1439 1600 Acqtuiescaut
1457 1536 1514 1589 istis
1529 1535 1623 1588 inertia
1637 1535 1717 1588 corda
1735 1552 1778 1587 re·
1813 1551 1815 1564 ¹

994 1628 1094 1696 pagulis
1108 1643 1115 1691 ;
1131 1642 1179 1696 cgo
1195 1626 1320 1695 quidquid
1342 1626 1405 1680 milri
1426 1625 1558 1678 licentiam
1575 1624 1698 1688 tollebat,
1714 1637 1778 1676 ense.

993 1714 1117 1781 dispersi.
1132 1712 1198 1768 lllrrd
1219 1723 1319 1768 tanturm
1338 1723 1424 1781 potest
1442 1711 1518 1767 nobis
1531 1727 1642 1780 quasque
1662 1727 1776 1780 rregaue,

904 1831 943 1882 10,
960 1804 1064 1892 Bqurd
1079 1804 1213 1859 nolumus.
1229 1804 1303 1858 litum
1324 1808 1465 1857 ctiurterutus
1489 1818 1548 1856 suut
1572 1801 1670 1855 babere
1690 1802 1779 1854 termi-

995 1910 1073 1962 num,
1090 1894 1123 1948 ad
1146 1893 1224 1962 cupa
1248 1909 1290 1948 nue
1313 1902 1403 1962 transg
1418 1893 1549 1946 essionem
1574 1891 1705 1943 desideria
1727 1904 1778 1942 non

995 1996 1131 2041 uocarunt.
1148 1986 1211 2040 ttttrt
1228 1983 1355 2053 quidquid
1373 1982 1537 2051 praevaluero
1555 1981 1653 2036 lralucre
1671 1979 1712 2034 lert
1730 1980 1779 2032 tri-

994 2076 1061 2130 buit.
1077 2074 1164 2129 Otium
1180 2085 1206 2128 et
1220 2085 1279 2143 tuga
1295 2074 1456 2142 denegantes
1471 2072 1569 2142 aliquid
1594 2073 1698 2124 lerant:
1715 2071 1779 2123 milti
1838 2082 1840 2089 ’

996 2176 1079 2221 totum
1093 2175 1186 2218 natura
1203 2165 1321 2233 peperit,
1343 2164 1470 2233 quidquid
1487 2166 1511 2216 itu
1531 2165 1665 2231 proeiutrtn
1680 2164 1780 2217 cousti-

995 2261 1067 2309 trttuus
1079 2263 1225 2307 extorsero.
1241 2252 1302 2306 Sola
1318 2253 1394 2305 utobis
1408 2252 1504 2318 scripta
1516 2252 1575 2320 jura
1599 2251 1677 2317 suut,
1694 2252 1729 2303 nil
1747 2252 1782 2302 ti-

996 2357 1078 2395 mere.
1096 2342 1127 2395 Et
1143 2341 1200 2396 ltuec
1222 2340 1328 2410 quidem
1351 2341 1460 2395 auribus
1481 2342 1591 2405 uestris,
1615 2342 1690 2409 quasi
1712 2342 1779 2395 bona

996 2439 1069 2483 esset
1085 2429 1196 2483 turmula
1222 2445 1281 2498 quae
1302 2429 1495 2498 obiectabatur,
1508 2430 1618 2483 asserui.
1635 2429 1725 2484 Nutrix
1743 2440 1783 2482 ta·

997 2537 1057 2576 metu
1072 2523 1187 2576 uirorum
1202 2521 1308 2576 larrium
1323 2522 1379 2586 les,
1402 2521 1498 2575 vindex
1520 2520 1667 2587 libertatis,
1689 2521 1782 2590 patrius

996 2611 1204 2672 munimentum,
1219 2610 1293 2678 jubet
1305 2619 1365 2679 post
1378 2622 1513 2665 certamen
1530 2610 1624 2664 lueroas
1639 2619 1701 2664 suus
1716 2613 1783 2664 reci·

996 2700 1085 2755 diram
1099 2703 1273 2756 intentionem
1287 2703 1385 2756 babere
1401 2700 1434 2755 de
1449 2701 1574 2769 praemio,
1589 2709 1615 2755 et
1632 2701 1715 2771 gestis
1730 2715 1781 2753 nort

997 2805 1120 2847 contenta
1133 2792 1265 2857 felicibus,
1277 2792 1341 2847 dum
1354 2793 1422 2846 tollit
1434 2791 1538 2845 sudoris
1549 2791 1674 2859 pretium,
1686 2789 1784 2857 isangit

997 2883 1082 2938 studia
1101 2883 1255 2937 dimicandi.
1273 2884 1342 2949 Ergo
1367 2897 1400 2936 ne
1416 2882 1483 2936 botua
1497 2888 1559 2933 sunt
1575 2889 1705 2947 praecepta
1723 2895 1782 2947 quar

998 2988 1032 3027 ne
1052 2974 1111 3025 boni
1135 2972 1282 3025 ellrciamur
1299 2972 1459 3025 occurrunt?
1478 2969 1646 3036 Quaecunque
1669 2966 1782 3021 lrutctum

998 3062 1118 3114 adimunt
1133 3061 1263 3126 laborum,
1278 3075 1403 3114 censores
1419 3058 1633 3127 prudentissimi,
1650 3058 1682 3111 de
1697 3058 1783 3111 alena

1000 3168 1048 3206 tros
1069 3152 1192 3206 facultate
1213 3153 1352 3220 castigant.
1369 3150 1490 3220 Numquid
1506 3163 1610 3218 coquunt
1626 3159 1666 3202 est
1686 3146 1785 3201 imitere

1000 3241 1179 3295 ualetudinem
1196 3239 1346 3294 sanctiones'
1360 3240 1393 3294 de
1407 3250 1518 3294 esterno
1532 3239 1592 3307 jure
1603 3235 1785 3304 conscriptas?

1000 3341 1046 3387 aut
1059 3332 1162 3388 ridetur
1177 3330 1274 3385 rationi
1297 3331 1411 3385 uicinum
1441 3345 1515 3400 spem
1530 3329 1564 3382 de
1579 3327 1666 3381 lutura
1681 3340 1785 3395 posses·

999 3427 1076 3480 sione
1090 3423 1250 3492 proscidere?
1262 3423 1329 3488 Quiri
1344 3424 1420 3477 uobis
1429 3422 1565 3491 religionis
1577 3420 1602 3472 itt
1616 3418 1783 3471 sacerdotum

1002 3514 1122 3583 personis
1133 3512 1284 3582 opponitis?
1295 3513 1349 3565 lieo
1359 3512 1437 3573 duce,
1448 3525 1526 3580 quem
1538 3510 1563 3563 iuu
1574 3507 1626 3562 illis
1637 3507 1783 3568 veneraris,

1001 3605 1113 3660 obuium.
1128 3605 1209 3672 Cuius
1231 3604 1326 3657 intuitu
1344 3602 1481 3658 desideras
1499 3614 1547 3656 eos
1561 3599 1594 3654 de
1611 3599 1675 3667 jugo
1689 3608 1787 3651 nostras

1001 3699 1136 3754 seruitutis
1151 3697 1280 3759 euadere,
1304 3696 1376 3765 ipsos
1395 3694 1503 3749 noueris
1525 3691 1608 3747 teneri
1630 3691 1676 3744 illo
1700 3690 1787 3756 impe·

1004 3800 1079 3842 rante
1097 3789 1226 3856 captiuos.
1253 3785 1350 3840 Contra
1364 3799 1475 3853 superos
1490 3783 1581 3837 nititur
1595 3782 1640 3851 qui
1654 3796 1788 3851 quoscum·

1002 3892 1053 3946 que
1065 3878 1170 3932 illurum
1184 3876 1315 3930 sententia
1335 3877 1480 3945 prosternit
1500 3873 1641 3928 extulerit:
1658 3886 1725 3941 quos
1751 3873 1788 3926 is-

1003 3966 1086 4020 stinas
1099 3967 1214 4033 eripere,
1230 3979 1395 4036 nequaquam
1410 3966 1513 4021 lucrant
1526 3965 1612 4022 effecti
1633 3965 1788 4027 ltomiuruuuu,

1004 4059 1026 4112 si
1046 4057 1207 4113 meruissent
1228 4058 1343 4113 ministri
1362 4072 1423 4113 essc
1443 4061 1601 4114 coelestium.
1618 4059 1685 4114 Ecce
1701 4068 1788 4112 tecum

1005 4148 1038 4203 de
1050 4163 1145 4217 sapore
1158 4147 1235 4217 legis,
1251 4148 1325 4214 quasi
1336 4162 1388 4202 nott
1401 4150 1511 4204 trabeam
1522 4165 1581 4218 qrtae
1594 4150 1716 4218 responsi
1731 4149 1790 4202 loeo

1005 4238 1128 4306 objiciam
1151 4239 1214 4300 tela,
1239 4238 1383 4292 contendo.
1407 4238 1491 4303 Qttam
1512 4240 1641 4307 justitiam
1665 4249 1742 4308 putas
1764 4240 1790 4292 iuu

1007 4327 1052 4388 illu
1063 4328 1193 4394 jussione,
1208 4342 1267 4395 quae
1282 4337 1309 4381 ut
1329 4327 1431 4381 bostem
1447 4327 1537 4383 iniciat
1565 4329 1653 4382 socios
1677 4329 1788 4398 imperis

1008 4428 1183 4486 propagantes
1195 4417 1312 4474 addicit?
1323 4417 1398 4472 trite
1412 4433 1485 4487 spem
1500 4419 1616 4487 predas,
1634 4418 1715 4472 tulisti
1729 4430 1790 4472 uota

971 4508 1176 4604 Dc.erramirtis;
1193 4519 1219 4563 st
1232 4511 1254 4564 si
1269 4509 1424 4567 detrudatur
1436 4512 1529 4581 genitus
1541 4512 1667 4576 laureati,
1687 4514 1720 4565 ad
1736 4527 1792 4580 pur·

1011 4599 1147 4655 nitentium
1164 4601 1248 4656 rediet
1262 4602 1389 4672 quidquid
1412 4611 1566 4672 contemptu
1586 4604 1653 4657 lucis
1670 4604 1790 4673 expetiit.

1010 4691 1136 4748 Facessat
1155 4708 1170 4747 a
1195 4696 1369 4763 prudentibus
1391 4697 1540 4765 aequitatem
1565 4695 1716 4764 uniusmodi
1739 4712 1791 4749 nou

201 4786 318 4855 coptos,
338 4787 445 4853 quidem
463 4792 585 4860 egregia,
609 4792 763 4847 „joppem
786 4793 955 4848 inventorum
1009 4782 1068 4837 dico
1083 4781 1157 4851 lege,
1171 4786 1219 4839 sert
1239 4786 1375 4857 tyrannica
1388 4786 1559 4856 inscriptione
1570 4788 1720 4857 requirere,
1734 4803 1793 4859 qao.

167 4889 277 4928 suorum
288 4874 394 4931 divitias
408 4878 434 4930 in
448 4877 568 4932 ordinem
581 4878 715 4949 digerens,
732 4881 874 4935 verborum
891 4898 956 4952 quun·
1010 4874 1112 4944 ittgtala
1127 4877 1295 4940 numinibus,
1310 4876 1417 4932 inimica
1433 4877 1537 4943 ιίῐιιιιι,
1552 4886 1644 4934 cottila
1661 4879 1701 4933 sas
1714 4891 1741 4934 el
1751 4879 1794 4949 jtt·
1872 4922 1875 4929 .

169 4977 217 5027 quse
230 4962 353 5018 ubertate
364 4964 468 5032 ditarit,
483 4973 510 5020 et
524 4981 583 5035 que
599 4982 646 5036 pro
657 4967 783 5037 religione
797 4984 858 5023 esse
870 4972 957 5024 creuli·
1010 4965 1108 5019 stitiam
1123 4975 1221 5036 pugnat
1234 4967 1346 5020 mentito
1357 4967 1447 5022 coluure
1461 4967 1575 5037 pietatis.
1591 4970 1691 5036 Nescis,
1704 4972 1795 5043 loqua-

168 5054 215 5120 dit,
231 5055 314 5125 digno
327 5059 475 5112 reuerentia
487 5073 534 5113 ore
546 5059 720 5128 deprompsit.
732 5060 783 5114 Sed
797 5061 886 5129 procul
898 5062 957 5128 opt-
1011 5056 1118 5111 eissime
1130 5056 1277 5123 bominum,
1291 5072 1369 5126 quam
1380 5055 1466 5124 justus
1478 5058 1555 5114 dolor
1565 5059 1598 5116 de
1611 5061 1709 5117 amisa
1723 5065 1797 5119 tabo·

170 5143 256 5198 usionis
282 5145 395 5200 iusidias
414 5156 519 5201 cessent
537 5148 711 5218 malignorum
731 5159 881 5204 courtmenta
897 5157 953 5202 trau-
1011 5146 1133 5218 rislruge
1147 5160 1281 5204 nascatur.
1302 5148 1357 5203 llruc
1371 5158 1412 5204 est
1423 5150 1527 5219 dicere,
1543 5153 1671 5223 quidquid
1686 5155 1797 5210 diisdu·

169 5243 297 5288 eruturum.
313 5234 368 5289 llus
387 5246 479 5290 contra
500 5238 639 5293 Aratorem
654 5237 779 5294 dictionis
800 5245 891 5305 pectus
904 5252 953 5306 op·
1012 5238 1087 5292 cibus
1110 5241 1277 5307 acquis'stis,
1300 5239 1438 5309 eripimus.
1464 5241 1522 5297 ttot
1547 5246 1639 5299 urbem
1661 5246 1795 5299 inimicam

172 5323 303 5384 struimus.
330 5321 384 5378 Sed
411 5339 461 5379 nec
485 5333 670 5393 erumpentem
702 5325 728 5379 iu
758 5325 843 5378 lucem
871 5323 956 5380 laudis
1012 5327 1155 5396 qruasinno
1173 5329 1509 5396 inccndioserrescentem.
1526 5345 1552 5391 et
1573 5337 1796 5391 illascmlicolum

172 5410 307 5474 palmitem
328 5411 436 5466 inimica
457 5413 525 5467 laice
540 5423 694 5468 tmncamus
710 5431 716 5465 ε
733 5414 780 5468 ιιι
798 5427 875 5482 quem
894 5427 955 5466 rer·
1012 5419 1089 5472 sedes
1109 5418 1229 5474 desertas
1247 5429 1275 5474 et
1294 5424 1421 5489 spoliatas
1438 5424 1576 5481 diuinitate
1598 5427 1728 5494 prosterni
1746 5443 1753 5482 :
1772 5439 1799 5481 rt

171 5496 264 5553 borum
279 5499 376 5554 callem
398 5501 473 5569 sequti
494 5501 591 5569 debeat
613 5501 843 5567 demonstrantes,
858 5503 957 5557 scimus
1012 5517 1088 5575 putas
1104 5510 1265 5565 remansisse
1291 5513 1434 5581 quidquam
1462 5516 1531 5584 qtrod
1551 5531 1602 5569 umu
1618 5516 1713 5570 debeat
1738 5533 1799 5573 esre

172 5586 197 5638 in
217 5586 263 5641 illo
286 5589 364 5643 nobis
384 5589 498 5652 clarius,
522 5591 544 5644 si
569 5604 630 5644 cum
653 5589 773 5660 prmlerri
799 5592 956 5660 eontigerit,
1010 5598 1137 5653 uictoris?
1152 5598 1221 5664 Quid
1233 5603 1302 5671 quod
1318 5603 1374 5673 ipsa
1390 5605 1483 5659 lrtrola
1498 5613 1524 5659 et
1541 5606 1628 5658 insula
1644 5610 1798 5664 constitutio

171 5683 388 5753 triumphandum
411 5683 472 5752 quia
496 5684 529 5741 de
544 5686 643 5740 nostris
654 5685 741 5739 ltansit
763 5685 890 5754 quidquid
904 5687 956 5740 ilco
1010 5689 1171 5744 obscuritate
1194 5692 1385 5748 contunditur?
1399 5695 1466 5748 Dicit
1479 5694 1566 5761 enirn,
1583 5699 1738 5755 sacerdotes
1756 5703 1798 5757 uel

172 5772 352 5841 amplificante
366 5771 519 5827 descientia
535 5788 615 5841 opurm
630 5773 727 5840 largius
741 5772 875 5828 eliuderiu.
1013 5779 1130 5834 lostales
1152 5767 1273 5850 uligines
1293 5781 1391 5837 debere
1411 5782 1533 5839 libertate
1558 5787 1683 5855 garrulare.
1711 5787 1799 5845 Credo
