3906 6180
242 312 294 369 sttt

802 302 936 359 enuontt
958 302 1109 358 nutsctttt
1129 304 1315 361 TtetstrtSts

1820 308 1872 364 lue

244 427 325 493 potira.
341 422 479 492 Nunquam
492 421 524 476 ud
541 421 591 475 lroc
608 419 679 473 illum
695 417 780 472 erexit
796 416 880 471 torma
891 417 1067 477 conscisso-A
1083 431 1142 471 esse
1158 417 1239 470 lilium
1260 419 1296 471 nil
1309 427 1440 472 auruntem
1459 436 1465 472 :
1485 419 1551 473 ordo
1566 436 1652 476 tertttn
1669 430 1709 475 est
1738 431 1767 476 ut
1783 437 1873 491 prosu·

243 516 332 580 r'ir·,ut
344 527 374 568 se
386 513 509 567 crederet
522 508 640 564 adornari
653 525 659 560 :
675 506 746 577 quia,
757 515 784 560 nt
793 508 963 573 conlidimus,
976 518 1031 561 tur·

243 607 359 675 pissimis
371 615 433 659 sum
445 604 561 657 moribus
577 616 636 670 quoe
650 601 776 670 pulchras
787 615 816 655 sc
826 614 887 655 esse
901 601 1031 656 memine-

242 705 312 749 runt.
333 694 406 748 Talis
421 694 486 747 ultio
504 691 595 745 decuit
608 705 703 761 magna
718 698 873 761 peccantem
886 707 894 756 ;
911 689 1030 744 funditus

242 783 392 854 procubuit,
406 782 451 851 qui
460 782 510 837 sibi
523 781 914 849 venerandceeumpsiteulmen
927 779 1029 834 usuris.

242 875 351 928 tutibus
378 882 468 939 utere,
495 872 609 939 adulter,
635 871 792 942 immons-is.
820 872 865 926 llis
889 881 914 925 te
936 870 1030 925 ltleeto

242 963 391 1033 pronubum
413 969 530 1017 sectatur
552 963 699 1032 insignibus
719 978 726 1027 ;
749 969 776 1014 et
799 959 896 1029 plaemi
920 973 969 1014 nos
991 959 1031 1013 sic

241 1054 375 1118 eorrreuit,
399 1062 426 1109 ct
440 1052 561 1108 Paridem
577 1055 616 1106 sic
634 1053 732 1122 perire.
759 1050 1029 1105 Dictarimusmatri·

241 1147 391 1201 moniorum
405 1146 464 1213 jura
480 1160 535 1198 non
549 1158 688 1210 sermone,
704 1141 749 1198 sed
764 1141 860 1212 gladiis
875 1181 883 1206 ,
901 1155 1029 1211 praesum·

240 1237 360 1308 ptionum
381 1245 499 1305 segetem
520 1235 605 1289 ultrici
627 1233 694 1288 ialcc
714 1242 858 1287 vastantes.
885 1231 973 1285 lintris
996 1227 1031 1284 ad

240 1329 473 1387 eorrserrutioncm
487 1326 622 1396 proderit,
637 1340 687 1380 nos
702 1324 849 1394 perdidisse
864 1321 1027 1392 corriugium.

240 1428 335 1490 Dicite,
354 1440 412 1494 qum
432 1422 582 1489 ubicunque
601 1416 743 1486 accepistis
764 1430 860 1469 nornen
883 1414 983 1479 uxoris,
1005 1412 1028 1466 si

239 1533 304 1583 non,
315 1513 438 1585 quotiens
453 1511 515 1564 sitio
530 1507 721 1576 subripuerint,
735 1505 846 1561 Merrelai
860 1512 1028 1559 etnomrnet

239 1614 323 1665 uirtus
343 1612 474 1663 occurret.
491 1602 592 1670 Quibus
611 1614 664 1654 non
684 1607 725 1653 est
748 1601 773 1651 in
788 1598 876 1650 studio
889 1596 1026 1664 pudicitia,

238 1699 299 1764 crit,
315 1699 341 1751 ni
357 1695 488 1758 fallimur,
502 1693 527 1744 in
542 1695 724 1747 necessitato:
749 1695 777 1740 et
798 1701 845 1754 par
865 1699 912 1753 per
931 1699 1026 1738 oritus

1082 507 1152 574 piem
1164 520 1253 562 urmes
1266 509 1434 573 urrnuntieut,
1449 518 1536 579 etqno
1550 512 1609 579 naris
1619 523 1729 567 auctore
1744 512 1770 566 in
1785 513 1871 567 lucam

1082 597 1197 657 uenerit,
1214 596 1272 664 ejus
1295 595 1362 650 lucta
1379 607 1505 651 seruetur.
1524 600 1587 653 ntra
1605 600 1692 655 idaliae
1708 604 1872 656 nescientem

1081 686 1243 754 respondere
1257 685 1391 740 benetieiis
1413 701 1464 739 mm
1485 689 1614 757 agnoscit.
1633 690 1690 743 Non
1704 691 1772 744 tuma
1791 691 1871 756 illios,

1081 773 1129 828 sed
1144 775 1355 829 conuersationis
1367 788 1497 832 monstrat
1507 780 1648 849 aequalitas
1663 781 1705 834 :si
1720 780 1825 834 diuersa
1838 782 1872 834 sit

1080 866 1255 932 conscientia,
1270 867 1313 920 vir
1326 869 1458 923 credenda
1475 880 1515 923 est
1529 885 1589 924 esse
1603 871 1779 938 sobolesque
1792 889 1871 926 roes-

1081 965 1135 1010 tnr.
1149 957 1187 1012 Te
1200 958 1288 1027 potius
1301 957 1429 1013 Caucasei
1444 961 1538 1028 rigoris
1554 972 1685 1030 praerupta
1708 975 1868 1032 genuermrt,

1080 1057 1125 1101 ιιιι
1139 1055 1298 1117 conceptum
1318 1050 1344 1103 iu
1369 1051 1522 1105 recessibus
1546 1054 1675 1107 montium
1698 1068 1778 1108 suseu
1793 1055 1870 1110 alrns

1080 1137 1174 1192 edudit
1190 1156 1197 1192 ι
1213 1148 1240 1195 et
1255 1155 1288 1195 ne
1306 1141 1362 1195 dira
1384 1143 1554 1197 nutrimentis
1570 1154 1663 1197 ιιιιιιιι
1680 1146 1867 1214 mollesceret,

1081 1237 1094 1264 ⁸
1107 1230 1250 1297 eripientes
1261 1233 1271 1263 ¹
1284 1232 1396 1288 salutem
1411 1235 1534 1305 tlyttrcris
1549 1236 1678 1306 llyrcuuu·
1697 1237 1806 1306 tigrides
1818 1239 1868 1293 ali·

1080 1331 1170 1377 menta
1184 1322 1373 1394 praebuerunt:
1390 1329 1497 1381 nutriuit
1514 1338 1539 1381 te
1562 1329 1606 1381 itta
1633 1330 1723 1383 teritus
1736 1346 1793 1397 urire
1810 1340 1867 1385 tru-

1079 1413 1160 1468 cidat.
1174 1413 1314 1485 Numquid
1338 1416 1401 1469 milti
1415 1415 1625 1472 drssimuluione
1639 1420 1769 1487 pollicitor
1783 1422 1794 1472 l
1821 1431 1867 1474 unt

1078 1504 1141 1576 quid
1156 1505 1290 1574 sperando
1303 1507 1413 1562 meliora
1429 1510 1585 1563 sttszentor?
1598 1509 1653 1563 lton
1671 1510 1783 1564 reddidit
1798 1511 1867 1564 tleti·

1078 1596 1126 1649 bus
1141 1595 1282 1666 lacrymas,
1294 1585 1360 1668 onas
1371 1599 1430 1667 ejus
1445 1615 1536 1654 omme
1551 1608 1616 1653 tort·
1634 1601 1794 1655 trrrulebam:
1814 1618 1866 1655 uon

1077 1686 1190 1753 seruitus
1203 1701 1276 1741 meos
1293 1689 1409 1758 propriis
1428 1705 1504 1744 inens
1531 1699 1642 1744 cruenta
1666 1701 1707 1744 est
1730 1693 1866 1746 consolatu

238 1789 377 1858 disciplina
398 1783 565 1846 seruabitur,
583 1779 627 1835 ubi
644 1793 723 1832 uuam
737 1776 849 1832 lerinam
865 1785 891 1832 et
907 1776 1026 1830 solentes
1043 1776 1207 1845 sssnspiriis.
1224 1776 1251 1830 lu
1266 1776 1402 1832 doloribus
1417 1781 1493 1844 meir,
1518 1782 1587 1850 quod
1602 1781 1707 1835 uuicmn
1722 1793 1763 1837 est
1776 1799 1865 1838 reme·

238 1878 550 1937 eustodiontctcoactsc.
571 1889 577 1901 ⁴

522 1959 745 2017 ulutrbltlttttt.

240 2062 324 2117 Verbo
352 2056 463 2113 iunonis
490 2070 548 2109 cum
571 2053 687 2106 Atstaeum
706 2052 800 2104 uideret
828 2059 914 2120 porum
936 2048 1029 2101 uiribus

498 2145 617 2200 Herculis
629 2143 765 2198 exstitisse.

513 2250 608 2290 erutor
627 2249 745 2297 periuri.

273 2335 391 2390 Tandem
407 2328 550 2399 utiqurndo
575 2327 619 2395 runi
633 2326 732 2395 jndicio
746 2335 839 2380 trrrstro
853 2324 1028 2394 responderet

239 2430 362 2483 inventus
373 2431 413 2478 cst
424 2462 432 2489 ,
444 2420 489 2490 qrri
503 2420 536 2473 dc
551 2418 659 2472 inimico
672 2428 775 2480 nostro,
788 2425 815 2471 et
828 2417 890 2471 dum
903 2417 1026 2481 vincitur,

239 2516 425 2585 trurnptraret.
440 2509 575 2565 ilerenleu
592 2524 672 2577 eres,
689 2508 740 2562 nisi
750 2507 882 2571 eliserint,
896 2524 947 2562 riou
958 2509 1029 2578 jace·

239 2615 304 2662 tunt
319 2624 326 2659 ε
343 2621 422 2675 quern
440 2602 613 2673 procidimus,
628 2609 656 2655 et
667 2601 699 2655 de
709 2599 816 2653 casibus
829 2608 870 2654 est
884 2600 1025 2670 superbus.

238 2701 298 2755 Stat
309 2712 382 2767 propr
391 2696 423 2750 iis
438 2707 548 2763 mugnus
561 2691 662 2746 ritibus
678 2732 686 2754 ,
701 2693 748 2746 sed
764 2693 815 2745 erit
834 2692 967 2745 mouimus
979 2705 1027 2760 per

177 2808 186 2815 ·
239 2791 353 2845 ruinam.
369 2785 466 2842 Nescio
484 2793 571 2838 utrum
588 2783 716 2838 ilercules
731 2783 816 2837 ralcm
831 2795 879 2851 par
893 2797 969 2849 esse,
984 2781 1026 2837 rel

238 2881 261 2934 si
283 2879 406 2934 Anterum
422 2890 475 2930 non
490 2875 568 2929 licent
588 2873 641 2927 ntia
663 2872 766 2928 ratione
790 2874 922 2942 prosterni
939 2890 945 2928 :
962 2883 989 2927 ιι
1003 2873 1027 2929 si

239 2970 309 3026 boeti
323 2982 414 3025 nostro
425 2965 558 3022 blanditur
568 2965 732 3030 atrei-stus,
747 2981 795 3020 nos
808 2966 839 3019 ud
849 2966 953 3021 laureus
967 2981 1027 3036 per·

238 3064 369 3120 emimus.
384 3060 489 3118 Scimus
505 3059 591 3114 lutura
603 3099 611 3126 ,
625 3058 673 3114 sed
687 3058 812 3112 currtcnit
826 3073 939 3127 superos
953 3057 1025 3128 loqui

1080 1868 1164 1936 dmm,
1181 1884 1232 1922 non
1246 1870 1365 1926 eultibuit
1377 1874 1431 1941 pari
1446 1873 1539 1928 dolore
1551 1874 1650 1942 reiltun
1664 1897 1696 1941 n,
1722 1877 1782 1945 quio
1797 1891 1866 1945 pene

1038 1965 1039 1968 ’
1080 1956 1179 2013 bsolos
1192 1966 1235 2014 est
1256 1961 1281 2014 in
1303 1970 1382 2017 utute
1397 1966 1525 2017 terminus
1541 1965 1673 2019 invenisse
1698 1968 1863 2036 participem.

1079 2047 1133 2103 Sed
1146 2065 1204 2120 quse
1226 2051 1337 2120 eloprrur
1352 2053 1441 2107 nescio
1455 2095 1461 2118 ,
1475 2069 1533 2123 quu·
1550 2071 1577 2108 re
1589 2056 1707 2123 innuen.
1733 2055 1793 2108 lluc
1817 2070 1864 2110 neo

1079 2141 1172 2195 destcr
1194 2140 1308 2197 tutoris
1322 2149 1433 2208 uentris,
1457 2160 1505 2199 nce
1523 2146 1619 2199 smmni
1642 2146 1769 2199 nunnus
1783 2148 1866 2215 pu'ie·

1080 2241 1121 2286 tur
1134 2243 1268 2302 aspectus,
1285 2243 1313 2288 ut
1326 2249 1373 2305 pro
1388 2244 1425 2289 tot
1439 2236 1566 2304 impensis
1577 2237 1787 2305 sequestratione
1798 2252 1865 2291 cun·

1078 2337 1179 2391 sumar,
1195 2338 1245 2378 nec
1257 2325 1329 2380 aliud
1345 2326 1442 2395 pietate
1453 2332 1641 2396 promoverim,
1655 2328 1705 2380 nisi
1719 2338 1747 2380 ut
1761 2343 1865 2381 mereor

1078 2432 1130 2470 non
1147 2417 1241 2470 autori.
1268 2416 1323 2472 ileu
1340 2415 1406 2471 tides
1421 2419 1455 2472 ub
1470 2419 1602 2472 uuirersis
1617 2420 1769 2487 proturbata
1795 2438 1864 2473 mor·

1078 2508 1187 2574 talibus,
1203 2518 1229 2564 et
1243 2508 1312 2580 quod
1328 2509 1456 2563 haectenus
1471 2511 1623 2563 numinibus
1637 2512 1758 2563 trormues
1766 2513 1864 2578 junge-

1076 2601 1133 2669 bat,
1148 2600 1302 2671 expulsum!
1319 2600 1430 2668 Suscepi
1448 2610 1459 2638 e
1475 2602 1625 2654 miseranda
1643 2600 1820 2669 uanirugrurn,
1838 2615 1864 2654 et

1076 2704 1134 2760 ems
1147 2690 1238 2745 diti-uri
1255 2690 1373 2761 re,iuam
1388 2692 1492 2745 subdidi
1508 2703 1631 2745 manente
1645 2692 1695 2744 leli
1706 2692 1777 2744 ituris
1792 2702 1864 2746 sorte

1076 2783 1208 2853 captiuam
1225 2783 1293 2838 :leci
1312 2793 1338 2837 ut
1354 2795 1444 2853 ageret
1455 2785 1591 2838 dominum
1608 2788 1734 2854 prologus
1752 2788 1864 2854 nuperu-

1076 2884 1128 2930 tor.
1143 2876 1219 2930 Nunc
1232 2875 1322 2931 lurore
1337 2891 1465 2931 succensu
1481 2877 1647 2942 discrucior,
1662 2894 1743 2945 ιμιιιι
1759 2893 1864 2946 pusses-

1074 2982 1121 3023 sor
1138 2983 1181 3023 me
1194 2970 1320 3034 deserat,
1337 2968 1492 3038 ingcutzsco.
1519 2968 1587 3036 Ergo
1610 2970 1740 3036 Apollinis
1756 2980 1864 3022 rrreutus

1075 3061 1193 3132 atrguriis
1216 3061 1355 3126 abscedis,
1379 3071 1406 3116 et
1433 3065 1511 3114 sortis
1536 3060 1622 3130 Lyciae
1637 3076 1726 3114 casum
1742 3062 1822 3114 certis
1837 3074 1867 3114 rt

236 3159 313 3225 rpuasi
328 3154 444 3209 bumana
458 3152 626 3206 mortalibus.
650 3150 793 3206 Prouideat
808 3150 935 3204 ltercules
962 3148 1025 3219 quid
1039 3145 1062 3208 C
1077 3159 1145 3221 upnt
1169 3153 1261 3223 tejam
1290 3153 1420 3206 sumentis
1441 3153 1572 3222 preponis
1596 3151 1733 3220 inopertis?
1755 3154 1863 3206 serlum

237 3249 318 3316 eligat
341 3258 402 3301 esse
424 3243 583 3298 laciendum.
605 3242 756 3298 l'ineendus
779 3253 820 3298 est
834 3242 1025 3312 congrediente

238 3339 347 3394 inimico
362 3377 371 3404 ,
387 3335 534 3390 vincendus
554 3341 595 3389 est
616 3343 642 3388 et
654 3336 770 3403 jacente.
785 3333 835 3400 Qui
850 3349 951 3389 tenena
964 3333 1026 3389 lusit

239 3435 265 3487 ln
276 3428 362 3493 curris,
376 3428 422 3498 qui
441 3427 547 3497 pacarit
561 3426 710 3481 Erimantbi
722 3439 841 3492 nemora,
857 3426 901 3495 qui
917 3439 1024 3480 cernam

239 3518 381 3576 velocitate
394 3522 539 3589 precessit,
550 3517 686 3586 optionem
697 3515 792 3571 babeat
804 3515 867 3585 quid
881 3525 1023 3586 sequetur:

237 3621 283 3666 aut
296 3614 399 3665 bostem
415 3610 548 3678 periturus
563 3606 680 3675 dejiciet,
703 3615 749 3663 sut
772 3611 794 3662 sl
817 3615 952 3663 certarnen
969 3623 1025 3662 rne-

237 3704 336 3769 tuerit,
350 3716 410 3756 cum
436 3701 492 3755 suis
515 3698 636 3753 cautibus
661 3698 715 3768 jem
738 3698 867 3769 sepultus.
883 3698 1024 3755 Lernaeum

237 3791 407 3862 periculum,
435 3791 484 3844 nisi
500 3788 590 3854 lullor,
612 3790 713 3843 orietur
734 3788 769 3844 de
793 3791 1025 3845 consummatione

237 3883 401 3948 certmrinis.
426 3883 491 3949 Quis
509 3895 562 3935 noo
584 3881 676 3935 eredat
699 3880 766 3934 nituit
791 3894 933 3950 superesse
952 3880 1024 3951 quod

237 3983 345 4045 peragat
358 4016 365 4041 ,
380 3986 440 4026 cunt
455 3971 529 4025 lrunri
543 3957 617 4024 lusus
630 3969 779 4037 aspicitur?
804 3970 839 4024 At
852 3980 952 4024 nostre
964 3984 1024 4039 par-

239 4066 273 4119 tis
288 4062 401 4117 intentio
411 4062 445 4117 de
455 4060 629 4131 oppressione
642 4059 817 4115 suscitabitur
833 4099 842 4127 ,
856 4067 885 4114 et
897 4075 1027 4130 augmen·

159 4181 164 4189 «
238 4155 310 4208 tandi
326 4152 429 4207 roboris
442 4165 550 4207 causam
572 4151 686 4206 feliciter
701 4166 749 4220 pro
763 4152 870 4205 inimico
885 4149 1023 4220 perluncta

237 4261 281 4303 res
295 4255 427 4315 suggeret.

507 4313 618 4369 bttttttt
637 4314 752 4370 xxtlttt.

294 4406 374 4462 l'esbu
395 4403 502 4460 Didonis
514 4421 572 4460 eum
585 4405 717 4462 abeuntem
734 4408 827 4464 uideret
841 4409 965 4467 AEnsesn.

397 4499 406 4528 ¹
425 4495 479 4550 Nec
499 4495 546 4550 tibi
561 4495 620 4549 dira
637 4510 735 4565 putens
748 4500 864 4568 generis.

526 4601 621 4642 nantes
635 4602 741 4651 outoni.

270 4682 403 4749 Quantum
412 4679 492 4735 docet
500 4678 680 4744 inelerueutia,
692 4681 828 4749 perdidisti
840 4683 1023 4740 testimonium

235 4776 351 4846 seueris,
363 4773 433 4843 quod
444 4771 569 4843 opinione
578 4773 708 4828 mentitis⁷
721 4771 832 4830 Constat
848 4773 957 4831 iteneris
970 4793 1026 4834 ιιιιιι-

272 4907 280 4937 ¹
298 4903 410 4958 Nectiti
423 4903 483 4958 dise
501 4903 613 4976 possus]
641 4905 695 4961 llos
709 4907 782 4962 locos
796 4906 955 4976 Virgilianos
969 4923 1019 4980 ap·

237 4975 382 5042 pellebant,
409 4987 470 5028 crim
488 4975 586 5044 Virgilii
602 4991 695 5031 versus
720 4992 768 5046 pro
794 4976 1018 5036 declamationum

237 5051 354 5100 stromate
367 5045 551 5099 sumebantur.
580 5046 653 5101 Talis
670 5059 710 5102 est
726 5048 836 5102 metrica
864 5053 1021 5105 esereimtio

236 5115 350 5184 qurumin
363 5122 467 5168 vetusto
480 5115 573 5170 codiee
589 5114 728 5173 l’itboeano
752 5117 879 5186 uidimus,
895 5119 1020 5178 Coronati

240 5184 269 5238 ll.
285 5187 314 5238 ι’.
329 5183 379 5238 boc
393 5183 469 5238 tttulo
483 5192 510 5238 et
524 5185 669 5253 principio:

376 5294 505 5362 Tttuttlt,
521 5293 630 5352 lucus
650 5296 880 5356 tltttuttltntJS.

298 5385 357 5439 Viro
367 5385 491 5449 equidem,
500 5386 621 5446 vitamque
632 5392 744 5436 extrema
754 5400 799 5452 per
810 5390 889 5439 omnis
900 5391 962 5440 duco
969 5406 976 5453 ;

488 5488 518 5546 t.
541 5490 571 5544 C.
593 5488 774 5547 concutit.

313 5605 407 5665 trpera
417 5603 513 5653 diverso
525 5600 621 5651 laxetur
634 5602 681 5650 rita
691 5600 786 5663 dolore,

313 5665 342 5713 ils
351 5672 419 5713 morti
434 5666 525 5714 ricinus
537 5678 576 5722 co,
592 5665 696 5726 risitque
707 5662 782 5713 dolori

304 5723 388 5785 'ldgrs
395 5727 460 5776 salus
470 5740 477 5777 .·
488 5734 582 5777 uestras
593 5727 700 5775 crstisnt
712 5727 767 5775 dum
778 5727 873 5774 tluurins
886 5731 991 5787 mentes,

1076 3244 1230 3299 scelestibus
1252 3243 1393 3298 crudelitas
1416 3254 1464 3296 istu
1481 3253 1635 3311 prensatur
1653 3245 1816 3308 structoribus,
1837 3256 1863 3296 et

1076 3335 1207 3402 imerprcs
1222 3346 1380 3403 superorum
1396 3333 1429 3386 ad
1445 3335 1493 3386 trus
1509 3331 1642 3386 hominem
1663 3334 1800 3401 compellit
1815 3351 1863 3386 cs·

1076 3441 1177 3492 cussus,
1190 3436 1217 3479 ut
1235 3425 1368 3495 diligentis
1385 3427 1472 3479 litora
1485 3425 1559 3494 qurusi
1575 3425 1661 3478 solum
1678 3424 1725 3477 tros
1739 3427 1772 3479 ile
1785 3426 1862 3478 ditl'n·

1076 3521 1143 3586 piut3
1158 3527 1187 3570 ut
1201 3531 1248 3587 per
1261 3525 1434 3584 tempestates
1446 3516 1559 3570 salutern
1584 3519 1687 3585 produt,
1711 3518 1754 3584 qui
1774 3517 1862 3570 solum

1076 3611 1141 3680 frigit
1155 3609 1289 3664 ellectum.
1312 3606 1395 3673 Vade,
1420 3608 1529 3662 ulterius
1553 3623 1606 3660 trun
1627 3608 1759 3660 morabor.
1778 3610 1862 3661 llubet

1076 3703 1218 3756 vindictum
1234 3700 1288 3755 mei
1313 3699 1355 3755 tis
1376 3713 1428 3769 qut
1448 3699 1576 3765 deseror,
1594 3700 1698 3752 trubcbit
1712 3708 1820 3767 pelagus
1835 3703 1861 3752 in

1076 3793 1165 3846 lurore
1194 3791 1323 3861 judicium
1348 3806 1357 3856 ·,
1383 3804 1478 3846 raucos
1502 3793 1658 3845 tumentium
1685 3792 1860 3860 pruncetlurnm

1076 3897 1158 3939 aeztus
1168 3887 1308 3938 estodium
1332 3900 1339 3948 ;
1356 3884 1464 3939 secabis
1479 3887 1550 3937 inter
1562 3885 1678 3952 pericula
1695 3883 1803 3936 liuderus
1816 3901 1861 3935 no·

1076 3992 1148 4042 trien,
1164 3992 1223 4045 quse
1236 3987 1263 4030 et
1277 3977 1326 4029 luit
1340 3984 1441 4045 portus,
1456 3986 1482 4030 et
1497 3976 1608 4042 prscbuit
1621 3990 1628 4028 ι
1640 3988 1684 4029 ιιι
1694 3987 1777 4039 certe,
1793 3978 1863 4045 qrrud

1076 4071 1168 4130 tinreo,
1179 4067 1286 4121 nedum
1298 4069 1417 4121 rirrdieor
1431 4081 1473 4121 mc
1485 4077 1589 4120 rireute
1598 4071 1862 4133 ntur.sris,erenmrn

1075 4158 1199 4226 expetita
1215 4158 1392 4227 clarigationis
1407 4166 1466 4228 post
1486 4174 1594 4213 usuram
1619 4161 1685 4214 lueis
1709 4175 1862 4227 aproscum.

1078 4247 1142 4302 l'rde
1165 4248 1312 4304 sceleribus
1337 4249 1479 4304 indebitum
1498 4253 1667 4308 nemmem:
1685 4253 1771 4319 perire
1787 4253 1863 4305 inuo-

1076 4352 1139 4393 cens
1152 4349 1214 4394 onte
1227 4339 1305 4409 cupio
1320 4355 1398 4410 quum
1413 4351 1572 4396 merentem.

1038 4515 1065 4575 D
1114 4478 1199 4533 Durus
1214 4478 1396 4534 etindornitus
1413 4479 1521 4535 lleneris
1531 4494 1561 4535 se
1572 4482 1676 4536 semine
1689 4490 1791 4535 cretum

1112 4568 1210 4636 iactat,
1221 4580 1248 4624 et
1261 4571 1389 4639 abjurans
1402 4571 1535 4626 collaudet
1547 4585 1687 4628 stemmate
1700 4575 1778 4627 dire.

1113 4658 1202 4713 Edidit
1216 4675 1279 4730 crgo
1297 4659 1384 4715 Venus
1400 4661 1544 4731 lugientem
1556 4678 1653 4718 nornen
1665 4666 1779 4730 uminis,

1112 4749 1232 4805 Pectoris
1247 4759 1276 4805 et
1289 4749 1375 4806 rabidi
1390 4752 1455 4806 ludit
1469 4753 1610 4808 clementia
1622 4757 1704 4808 tirus.

1151 4881 1214 4933 lllte
1225 4883 1297 4933 datus
1305 4883 1355 4933 sbtt
1368 4898 1374 4934 t
1386 4893 1489 4948 quantos
1503 4895 1556 4947 poet
1567 4885 1684 4948 l’crgmu
1695 4899 1764 4935 rasus

1152 4945 1217 4994 lldtt
1233 4953 1290 4995 rtem
1301 4945 1406 5008 praedsta
1417 4959 1516 4995 uranus:
1527 4961 1587 5009 quos
1599 4960 1665 5010 supe
1675 4950 1772 4995 dolores

1149 5004 1265 5067 Pertulit,
1275 5017 1349 5070 atque
1362 5008 1458 5068 iterum,
1472 5022 1532 5070 quas
1542 5011 1620 5058 sensit
1628 5009 1697 5068 't'rop
1708 5009 1806 5056 ruinas?

1072 5099 1099 5146 et
1111 5105 1170 5174 quae
1186 5100 1344 5160 sequuntur.
1359 5090 1425 5146 Nam
1439 5091 1525 5146 vitiosi
1551 5091 1653 5147 codicis
1667 5093 1770 5145 mendae
1797 5105 1860 5157 pro·

1071 5167 1376 5299 ssedssmusscmm
1386 5227 1403 5301 ]
1411 5229 1543 5295 Fortasse,
1556 5231 1663 5284 steteris.

1109 5308 1122 5338 ⁸
1136 5299 1280 5369 cuprenses
1293 5301 1401 5354 sststrm
1414 5298 1563 5424 tirsusmsrp
1580 5301 1675 5355 lteram
1689 5312 1749 5379 esse
1768 5297 1849 5352 leet'o

1076 5383 1136 5427 neru
1149 5370 1247 5423 ceteris
1257 5369 1394 5440 sequeutia
1409 5371 1522 5424 docent:
1562 5370 1653 5424 utririt
1667 5378 1692 5422 te
1707 5371 1753 5422 rlta
1771 5372 1862 5425 leutos

1076 5455 1136 5501 oure
1151 5440 1272 5494 trucidat.
1288 5442 1391 5494 baaru.
1406 5440 1541 5494 Adamas.
1565 5454 1623 5510 pag.
1640 5440 1701 5493 utu.

1077 5536 1082 5545 ’
1112 5508 1397 5566 testamentum
1419 5510 1559 5582 termines]
1587 5512 1746 5565 ltectissiure
1774 5511 1803 5562 lt.
1830 5513 1862 5565 C.

1076 5577 1213 5647 Schottus,
1227 5580 1399 5633 iserrsietste.
1414 5578 1463 5643 iu..
1477 5579 1542 5636 ibid.

1076 5717 1084 5775 Ι
1113 5658 1124 5686 ⁰
1141 5647 1247 5774 {uticem
1262 5651 1404 5704 torismundo
1419 5649 1595 5724 rrrtusrepinm]
1610 5650 1673 5723 ch.
1695 5652 1861 5722 trarrsrurprmr.

1088 5735 1124 5786 ιι,
1142 5734 1149 5773 ι
1170 5735 1177 5773 ι
1197 5733 1249 5775 etn.
