3906 6180
245 288 296 343 ddi
907 281 1093 341 libauisse
1112 283 1212 340 PAPAE
1812 284 1861 342 Sil

244 416 304 458 eum
319 399 416 472 populo
430 414 479 454 stro
494 397 599 468 prolicit
611 397 763 466 imperasti.
781 394 886 450 Etenim
901 397 960 465 qtsis
975 412 1026 450 nnn
1042 399 1093 460 Aa
1108 412 1172 453 sero
1186 398 1301 467 praesule
1316 399 1443 454 Romanas
1457 397 1585 454 Ecclesiae
1605 397 1706 454 baone.
1721 396 1796 468 Rogo
1811 416 1861 454 aa·

244 492 376 547 bererum
392 488 552 559 perlidaruns
572 500 699 556 sequaces
712 485 773 555 plus
785 500 863 555 quarn
877 486 948 556 ipsos
961 487 1028 542 deli·
1080 498 1134 546 tem
1156 491 1259 560 plenius
1272 498 1352 558 atquc
1373 488 1527 558 perlectius,
1547 503 1607 559 que
1623 487 1726 543 serrari
1741 498 1858 557 oportet,

243 583 334 649 unisse
344 588 417 650 putet
429 577 572 632 auctores?
585 564 635 643 Qasi
648 590 699 630 non
713 584 774 645 post
784 576 929 646 patibulum
940 579 1027 633 crucis
1078 587 1257 647 commonete,
1279 588 1307 634 et
1325 595 1339 632 a
1358 579 1456 649 ouibus
1470 579 1605 634 abstinere
1628 577 1752 643 debeam,
1769 581 1861 633 restris

243 670 391 725 dividentes
410 669 504 722 iterum
523 667 620 722 Christi
636 667 756 722 membra
774 667 952 723 condemnet?
974 668 1028 723 Uti·
1077 669 1233 724 custodibus
1257 668 1352 724 litteris
1376 671 1497 725 intimate
1512 685 1519 722 a
1537 678 1566 723 ut
1584 668 1606 722 si
1632 669 1752 723 fortassis
1777 670 1862 724 adltnc

243 774 303 813 arao.
319 762 375 812 lateo
389 757 444 825 iam
458 758 532 811 nobis
554 758 725 827 regnantibus
743 773 824 814 causa
842 761 981 828 caepisset,
999 768 1027 812 ut
1077 760 1269 815 inexercitatus
1290 758 1377 813 ordini
1399 758 1513 827 deputor
1537 757 1698 822 lectionum,
1724 772 1773 812 seu
1795 758 1861 824 disi,

241 850 345 905 lacilins
361 849 429 904 mala
444 849 656 920 reprimerentur
668 851 823 917 trascensis,
839 865 917 911 naam
932 865 1026 919 prore-

240 949 295 994 cta.
314 936 380 994 Nam
399 941 459 1010 quis
472 940 589 1008 ambigat
609 955 661 994 non
683 942 800 1010 potuisse
816 941 874 1009 ejus
897 942 1025 1006 existere,

241 1031 318 1100 cujus
330 1032 425 1101 corrigi
441 1033 603 1102 temporibus
614 1033 716 1088 nidores
727 1035 863 1089 erroremi
876 1033 925 1089 Per
937 1034 1027 1089 Estne·

1077 850 1136 904 sire
1159 850 1200 919 egi
1226 849 1380 917 apostolicis
1406 848 1538 905 doctrinis
1556 847 1652 901 vestris
1675 847 1861 917 incongruunt,

1076 940 1173 995 restris
1187 939 1302 994 imbutus
1317 940 1486 996 sermonibus
1497 941 1598 1010 possim
1613 943 1798 997 lrureticarnm
1812 944 1862 996 ob-

1076 1028 1171 1085 sistere
1185 1028 1325 1084 rnacbinis.
1349 1029 1405 1085 iioc
1426 1030 1498 1084 enim
1524 1030 1662 1099 iaciente.
1681 1034 1860 1099 sanctissime,

1076 1121 1208 1178 lirmiores
1219 1132 1318 1178 nostrae
1332 1131 1431 1176 sanctas
1443 1121 1538 1190 synodi
1554 1122 1697 1178 invenietis
1710 1124 1860 1192 episcopas,

1075 1217 1104 1266 et
1116 1199 1360 1265 bonorumactuum
1374 1209 1473 1263 cierunt
1485 1212 1859 1279 acpopulumconllrutabitis‚

1075 1308 1200 1369 tauquam
1215 1298 1372 1353 inutiliorem
1387 1298 1463 1351 nobis
1484 1296 1628 1353 reddentes
1642 1309 1761 1354 sanctam
1781 1300 1859 1355 iiico-

1075 1393 1253 1462 politanorum
1267 1391 1424 1448 Ecclesiam.
1439 1393 1624 1449 venerabilem
1636 1408 1701 1449 sero
1715 1393 1858 1448 diaconum

275 1523 353 1570 rsus,
381 1524 431 1564 rest
459 1524 573 1565 russeus
596 1523 728 1563 otatosuss
753 1525 879 1576 musaeu,
904 1526 938 1564 so
958 1525 1025 1565 uon·
1074 1483 1199 1538 Rullssum
1214 1485 1248 1538 ad
1271 1494 1323 1538 tarn
1339 1487 1518 1540 necessariam
1534 1499 1640 1539 causam
1656 1485 1799 1554 directum,
1816 1501 1858 1554 pa·

277 1591 383 1633 tnsosss.
1075 1575 1163 1642 aiace,
1179 1576 1249 1630 sicut
1261 1590 1310 1630 sos
1331 1577 1420 1642 decet,
1439 1577 1525 1646 rogati
1539 1577 1683 1645 suspicitc;
1699 1587 1727 1631 et
1737 1577 1858 1630 liduciam

240 1664 399 1723 Coriolicom
419 1667 496 1734 rident
517 1669 659 1737 profitetur,
683 1677 707 1721 ιι
725 1683 781 1738 quc
800 1669 915 1734 uitanda,
939 1682 1025 1736 astruas
1076 1666 1234 1729 tribuentes.
1250 1667 1364 1743 coierent
1389 1667 1447 1735 eius
1468 1682 1606 1722 recursum
1622 1669 1654 1720 ad
1668 1683 1717 1721 nos
1732 1676 1858 1736 prestare

459 1736 798 1808 “flssldssamllmcll’fl-
852 1747 855 1752 ’
951 1743 956 1750 ’
1040 1745 1239 1826 bulgamini,
1265 1766 1415 1828 portantem
1439 1758 1586 1827 spiritualia
1610 1766 1690 1826 atros
1716 1758 1857 1827 apostolica

273 1850 388 1906 Domino
401 1866 462 1907 suco
477 1865 524 1920 per
537 1861 632 1906 cuncta
645 1853 815 1908 sanctissimo
825 1868 856 1908 ac
866 1855 1022 1912 baatssssmo
1076 1849 1229 1902 constituta.
1246 1848 1383 1914 Curictam,
1400 1849 1579 1913 sanctissime,
1594 1863 1700 1904 osnncm
1718 1848 1744 1902 in
1755 1847 1858 1903 Cbrirtc

238 1939 307 2013 patri
323 1948 439 2009 patrum,
452 1939 636 1996 comministro
651 1957 681 1996 aa
699 1942 811 2014 prlnr'rpl
834 1946 1021 2016 episcoporum
1075 1936 1268 1993 iraternitatem
1284 1947 1381 1993 rostrae
1396 1939 1567 1993 beatitudinis
1585 1953 1636 2008 ego
1653 1947 1681 1994 et
1692 1939 1739 2009 qui
1755 1953 1857 1993 mecum

241 2027 400 2095 llortsrisdao,
414 2029 530 2085 ioannes
544 2030 571 2085 in
585 2031 697 2087 Domino
707 2034 830 2088 salutem.
1075 2037 1138 2082 sunt
1150 2027 1290 2098 plurimum
1305 2029 1450 2082 salutamus
1461 2028 1487 2082 in
1499 2028 1621 2083 Domino.

273 2122 345 2180 Cura
360 2124 425 2178 suibi
440 2125 544 2180 exstitit
556 2139 663 2194 sempor
678 2126 742 2180 nilril
757 2126 871 2196 amplius
888 2144 1021 2197 quarere,
1345 2139 1511 2196 ΕριετοιΑ
1531 2138 1585 2193 tlt,

239 2230 290 2271 nist
305 2230 386 2286 agere
400 2215 535 2286 propritim
559 2224 585 2270 ei
606 2214 764 2271 familiarem
789 2221 1022 2275 cotst'etsttliostetn
1188 2250 1222 2288 pp
1236 2249 1352 2289 imm!
1366 2248 1577 2287 gppopogpgpgufl
1591 2246 1745 2287 gpgscom,

238 2321 349 2363 sacuam
373 2305 559 2385 sollicitudinis
583 2314 610 2361 et
633 2309 738 2362 autieta
752 2307 775 2363 is
796 2311 957 2365 snnndmoe:
974 2312 1021 2366 seri
1073 2345 1239 2400 commem
1259 2345 1329 2398 mm
1344 2344 1512 2416 saw-mm,

237 2396 300 2465 quia
312 2393 469 2466 Deiy'adiciu
484 2395 590 2465 abyssus
603 2397 683 2450 nauita
694 2405 732 2451 est
746 2397 831 2468 (Psoi.
848 2400 940 2470 usas).
952 2402 1022 2456 sicstt
1503 2385 1509 2398 ⁸

235 2497 265 2543 et
289 2496 404 2541 nestram
427 2493 561 2556 cognosco
588 2486 687 2542 doecre
714 2487 918 2556 beatitudinem,
946 2503 1021 2561 patre
1151 2557 1183 2568 Π

237 2584 329 2634 nostro
350 2576 483 2647 quondam
506 2586 589 2647 atque
614 2578 817 2648 archiepiscopo
842 2581 977 2653 Alcysonc
1004 2598 1020 2637 a
1105 2556 1202 2608 ΨΜ·
1442 2641 1445 2645 ,

234 2665 343 2723 cornio
361 2667 394 2722 atl
416 2682 547 2737 supernas
561 2668 713 2724 mansiones
727 2678 850 2738 evocato,
869 2686 903 2725 ea
917 2673 1020 2726 ratione
1108 2659 1855 2732 lionnisdardnannicpiscopollicopolitanoperiiulmnm

234 2771 288 2827 gua
302 2757 359 2826 ipse
374 2758 521 2827 cognoscit,
537 2758 582 2827 qni
596 2766 638 2812 est
660 2758 824 2826 possibilium
839 2760 976 2825 dominns.
992 2761 1019 2815 in
1070 2756 1224 2812 diaconum.

235 2862 279 2902 me
293 2856 384 2902 sancta
400 2848 518 2918 synodus
533 2849 664 2904 bonorum
677 2859 798 2918 actuum,
812 2868 843 2905 ac
858 2852 944 2907 clerus
959 2868 1019 2921 pas·
1105 2846 1193 2903 Gasisi
1207 2863 1299 2902 scmus
1313 2847 1339 2902 in
1354 2845 1467 2902 Domino
1490 2846 1577 2910 ratde.
1601 2845 1684 2900 irater
1700 2845 1853 2909 carissime,

235 2946 322 2993 torum
336 2940 470 2993 transtulit
484 2949 596 2996 sortem.
613 2939 669 3008 Ego
689 2952 775 2996 atttem
791 2952 885 2996 cuncta
899 2942 1018 2997 reserens
1070 2937 1186 3007 acceptis
1199 2937 1296 2991 litteris
1307 2938 1371 3002 tuis,
1385 2936 1412 2991 io
1426 2935 1521 3006 quibus
1535 2944 1562 2992 to
1582 2934 1715 3004 proliteris
1730 2937 1854 2990 sacerdo·

234 3028 300 3096 beo,
316 3029 360 3097 qui
375 3028 580 3085 balbutientium
597 3030 702 3100 linguas
715 3031 813 3086 liberas
832 3030 903 3097 lacit,
918 3030 1018 3086 decen·
1073 3025 1138 3080 tium
1157 3025 1202 3080 liei
1215 3027 1299 3095 gratia
1313 3026 1474 3094 suscepisse.
1489 3024 1551 3079 limo
1562 3033 1604 3078 est
1622 3023 1685 3078 lides
1700 3032 1783 3088 certa,
1799 3028 1857 3079 llaec

241 1115 313 1176 dium
326 1131 354 1177 et
365 1120 535 1176 Fortunatam
550 1112 704 1192 episcopos,
720 1123 732 1150 ⁸
751 1122 904 1178 venantium
920 1125 1027 1196 presby-

241 1219 343 1277 torum,
356 1211 468 1266 Vitalesn
483 1212 623 1268 diaconum
638 1220 665 1266 et
680 1212 798 1267 Hilarum
815 1214 958 1269 notarium.

551 1345 716 1401 epistota

240 1452 298 1493 stre
308 1454 447 1494 ssesrtuts
461 1454 617 1493 assastosss
631 1453 736 1493 totosss
751 1453 865 1494 sorssors
889 1454 1026 1495 sscososs·

1528 2342 1674 2399 Nestorium
1687 2355 1711 2398 ct
1728 2343 1856 2413 Eutgclttu

1106 2416 1294 2479 dusuttondstut,
1320 2427 1343 2467 et
1367 2416 1492 2483 quomodo
1514 2416 1559 2484 psai
1579 2417 1613 2467 od
1638 2415 1712 2481 fidens
1730 2425 1857 2467 retrertstn-

1107 2495 1149 2538 tur
1162 2483 1302 2556 recs‘pienii
1314 2485 1377 2548 sint,
1392 2501 1437 2549 per
1455 2484 1597 2538 indiculum
1611 2499 1638 2538 se
1652 2486 1857 2553 significaturum

233 3128 275 3174 ter
286 3119 319 3174 ad
336 3128 439 3175 uestras
451 3122 587 3177 orationes
603 3135 749 3187 concurro;
766 3130 797 3176 ιιι
812 3122 891 3191 juata
905 3137 1017 3178 consue·
1032 3093 1054 3154 C
1070 3131 1132 3186 spes
1142 3117 1380 3187 sincambigaitate
1392 3129 1498 3181 secura,
1509 3129 1561 3184 qua
1572 3114 1689 3174 creditur
1700 3114 1781 3167 totius
1792 3114 1854 3167 banni

171 3280 174 3289 ,
233 3211 353 3266 tudinem
376 3214 530 3281 apostolicae
554 3212 626 3268 sedis
651 3223 757 3278 restra,
782 3230 842 3284 quse
863 3224 1018 3273 austerorum
1069 3209 1184 3265 causalo
1201 3223 1315 3277 superna
1329 3208 1530 3279 dispensatione
1545 3207 1702 3262 consistere.
1718 3206 1801 3275 Cujus
1816 3207 1855 3260 rei

174 3318 177 3324 ·
213 3340 215 3346 .
234 3299 516 3356 Ecclesiarumcurant
525 3302 648 3366 ltabet,et
659 3301 904 3370 Nicopolitanosum
918 3304 1018 3361 babere
1068 3298 1206 3354 sciesstiam
1219 3299 1332 3363 babeas,
1342 3298 1424 3353 irater
1433 3299 1582 3364 carissime,
1595 3296 1783 3353 benellciorum
1795 3315 1856 3367 qne

233 3388 392 3458 dignemini.
412 3391 559 3444 secundum
574 3391 709 3460 antiquam
724 3392 888 3462 spiritualem
905 3393 1019 3464 disposi-
1067 3403 1083 3442 a
1098 3389 1152 3445 lico
1165 3397 1258 3444 nostro
1272 3398 1480 3455 consecuturos,
1502 3389 1626 3460 religiosa
1640 3391 1731 3445 animo
1742 3390 1853 3459 gratiam

234 3479 335 3535 tionem
351 3491 479 3536 nestram.
496 3481 602 3536 Petenti
614 3485 712 3539 atenim
734 3484 797 3538 artat
819 3483 878 3538 uari
893 3485 1016 3554 spiritam
1068 3479 1509 3550 oaonurts;tioetoncqaaqneoe
1521 3478 1853 3536 eodemclemcntioelontc

231 3568 444 3639 adapertionem
463 3575 528 3636 oris.
547 3573 617 3626 sicot
637 3571 728 3628 docuit
742 3576 886 3642 Apostolus
907 3575 1015 3645 (ls‘plter.
1068 3570 1223 3637 descendat,
1240 3583 1267 3625 ut
1282 3586 1312 3626 se
1330 3567 1432 3625 auctori
1448 3586 1497 3624 sno
1513 3573 1627 3625 bumana
1643 3571 1783 3625 submittat
1803 3572 1853 3626 bu·

232 3658 281 3728 ss),
297 3671 377 3731 atque
391 3662 448 3730 ipse
463 3663 543 3716 eliam
562 3661 689 3716 Dominus
702 3664 839 3732 praecepit,
852 3680 956 3720 mecum
972 3680 1018 3734 pc·
1068 3664 1178 3719 militas.
1188 3663 1232 3718 sit
1241 3663 1313 3718 enim
1324 3680 1330 3716 :
1343 3662 1504 3734 superruens
1516 3663 1853 3732 requiescetspiritusmeoa,

231 3750 282 3805 tite
296 3752 390 3806 trorum
405 3751 537 3816 datorem,
559 3760 587 3806 et
601 3765 662 3806 curn
678 3762 816 3819 quaerente
829 3755 928 3824 pariter
941 3771 1016 3825 qum·
1067 3755 1117 3808 sisi
1129 3770 1204 3825 super
1215 3754 1348 3816 bomilcar,
1363 3763 1387 3808 ct
1396 3757 1519 3822 quletum,
1532 3762 1556 3807 et
1570 3761 1716 3806 trementem
1725 3769 1853 3806 sermones

134 3829 140 3833 ’
232 3843 294 3907 rite.
315 3853 342 3898 et
357 3844 506 3913 pulsantem
521 3845 653 3914 spirituali
669 3862 748 3903 manu
767 3857 854 3904 restra
875 3849 1014 3916 suscipite.
1067 3862 1136 3901 ancos
1151 3845 1248 3915 (Nuus.
1272 3846 1334 3914 stt!
1348 3846 1375 3901 ln
1394 3846 1524 3914 biserga,
1544 3847 1570 3900 in
1591 3846 1686 3914 quibos
1700 3844 1853 3920 bsai-asmodi

234 3933 290 3989 tloc
304 3935 375 3989 errirn
390 3936 467 3991 robis
483 3936 652 4004 iacientibus,
668 3949 772 4008 panaro,
793 3939 972 4007 sanctissime,
988 3951 1017 3999 es
1067 3937 1200 4005 probaris,
1216 3937 1312 3992 clarius
1330 3936 1463 3991 clucrscet
1482 3935 1543 3991 aliis
1558 3936 1637 3991 etiam
1653 3936 1760 3990 uirtutis
1775 3935 1852 4005 lrasjus

230 4027 364 4094 accipere,
378 4033 406 4096 et
422 4024 554 4092 invenire,
570 4034 598 4082 et
610 4029 747 4096 aperiente
759 4025 866 4083 Cbristo
879 4039 953 4086 recta
967 4047 1014 4100 per
1066 4025 1185 4081 laturum
1200 4028 1369 4095 exemplunm
1385 4025 1491 4096 quando
1505 4027 1537 4080 nd
1554 4027 1603 4081 troc
1615 4027 1695 4080 etiam
1711 4025 1766 4080 beo
1776 4025 1852 4081 iusti·

213 4149 216 4155 ,
231 4115 341 4171 rcrbnra
364 4115 483 4170 ueritatis
507 4116 641 4172 ina-edere.
666 4118 796 4186 Qtsooiatn
819 4134 884 4174 sero
906 4121 1013 4190 quidam
1067 4127 1159 4173 tueote
1170 4117 1314 4186 perductus
1326 4133 1367 4185 cs,
1381 4127 1409 4172 ut
1423 4127 1450 4172 et
1464 4118 1498 4173 de
1513 4125 1538 4173 te
1551 4117 1742 4173 castanearum
1753 4119 1852 4188 glorie·

229 4194 429 4264 dissimulantes
452 4206 590 4263 nobiscum
607 4208 730 4270 credere,
747 4218 827 4278 atque
838 4211 935 4264 sectari
950 4225 1012 4265 san·
1066 4217 1111 4263 ttsr
1123 4207 1254 4263 Ecclesia.
1268 4209 1334 4263 Nam
1349 4212 1418 4264 sicut
1431 4210 1531 4264 divinis
1545 4210 1705 4264 testimoniis
1719 4210 1852 4273 eruditos,

229 4305 287 4352 ctas
312 4295 429 4367 synodos
454 4309 514 4365 guae
541 4294 655 4363 dicate,
678 4297 909 4367 Cotsstantinopoli
933 4306 1013 4369 atque
1065 4297 1346 4368 eiustabpostolum
1360 4315 1497 4356 sacrarum
1513 4300 1670 4355 Litterarum
1684 4301 1852 4357 institutione

230 4384 504 4456 Episesicongregatae
517 4394 589 4451 sunt,
604 4385 630 4440 in
645 4401 697 4454 qua
711 4386 844 4455 principes
854 4389 1014 4444 exstiterunt
1066 4385 1207 4452 tornatas,
1234 4387 1286 4443 boc
1305 4389 1455 4458 auspicium
1474 4399 1526 4445 tue
1541 4390 1717 4446 ordinationis
1731 4390 1850 4453 edidisti,

228 4475 406 4531 nanctissunae
419 4473 852 4543 memoriaecpiscopiCoelestious
862 4476 1015 4544 apostolicae
1030 4445 1055 4506 ⁰
1067 4486 1097 4534 ot
1108 4479 1238 4534 adsersus
1251 4479 1389 4536 deviantes
1406 4495 1466 4537 cunt
1485 4481 1557 4537 sedis
1577 4481 1731 4552 apostolice
1743 4492 1852 4536 scoten-

226 4563 420 4626 sedissemus,
435 4572 463 4618 et
473 4561 588 4634 cyrillus
601 4563 804 4631 dissuasorium
818 4566 1014 4634 insupcretiam
1067 4568 1111 4624 tiis
1120 4569 1288 4625 ronreaires.
1303 4569 1394 4642 Neqtse
1404 4573 1475 4627 coint
1489 4587 1660 4628 remunerare
1675 4572 1754 4626 aliter
1765 4582 1851 4627 taotc-

228 4651 473 4722 uus-ebalceooua
485 4652 613 4707 adversus
634 4651 807 4723 Eutyclsetem
826 4653 935 4723 impium
950 4668 1015 4710 con·
1065 4658 1327 4714 rumbeuellciorum
1341 4670 1448 4730 poteras
1464 4660 1626 4731 largitorem.
1651 4663 1701 4717 nisi
1721 4663 1851 4717 adt-ersus

199 4812 203 4823 .
227 4750 335 4810 gregata
343 4749 394 4808 est,
405 4756 465 4811 quae
475 4756 570 4797 ornnes
579 4741 718 4811 praedictas
732 4743 858 4799 ueritates
865 4745 1012 4802 ortbodosa
1064 4745 1187 4803 inimicos
1196 4747 1255 4816 ejus
1270 4749 1420 4805 evidentem
1432 4751 1519 4806 zelum
1534 4750 1688 4822 apostolicae
1700 4752 1850 4808 conlassio·

227 4827 255 4884 in
266 4842 297 4883 se
311 4829 416 4884 ratione
426 4829 553 4885 firmasit.
562 4829 661 4885 Tamen
670 4830 769 4888 audent
781 4847 830 4888 uos
845 4833 1011 4903 impugnare,
1063 4837 1106 4892 nis
1118 4838 1284 4894 os'endcres.

229 4926 354 4985 utiquam
369 4919 502 4974 vinculum
515 4921 667 4978 concordias
681 4923 741 4977 sine
761 4923 864 4982 ratione
885 4926 1010 4983 sitatates.
1101 4926 1198 4982 Notum
1220 4939 1262 4984 est
1283 4928 1355 4984 enim
1372 4944 1421 4986 cos
1434 4938 1509 4985 extra
1523 4930 1648 5000 religioso
1660 4940 1734 5001 septa
1748 4931 1851 4986 consis-

231 5003 325 5059 iotum
335 5016 424 5062 autent
437 5009 501 5064 milti
513 5020 563 5077 est,
572 5022 687 5068 nestram
697 5013 771 5082 scotti
784 5014 933 5072 doctrinam
944 5017 1014 5082 sicto
1066 5026 1132 5083 tere,
1147 5019 1191 5089 qtsi
1205 5028 1233 5074 et
1246 5018 1297 5087 ipsi
1317 5020 1476 5090 prolitentur
1489 5021 1680 5076 conscientiam
1697 5021 1759 5075 lldci
1771 5030 1850 5089 atque

228 5091 299 5149 inter
320 5107 426 5151 sanctos
441 5100 622 5166 praedecessor
633 5117 708 5158 meus
725 5102 840 5175 eleyson
855 5107 1006 5176 exstiterat,
1067 5109 1200 5178 fiduciam,
1213 5109 1259 5167 sed
1274 5109 1439 5168 infructuosa
1453 5110 1575 5180 estapud
1588 5113 1775 5181 eos,quamris
1789 5125 1850 5164 casm

228 5181 460 5258 etaoatbematlan
470 5187 636 5257 blascorum.
646 5192 813 5250 Timotheum
827 5197 1008 5267 appellatione
1065 5201 1197 5273 religiosis
1220 5217 1339 5273 congrua
1361 5211 1461 5260 macte
1481 5201 1678 5259 communionis
1700 5201 1849 5270 equalitas,

228 5271 352 5329 AElurum
372 5283 400 5330 et
419 5273 525 5331 Petram
546 5279 639 5334 trorum
661 5296 864 5351 successorem
886 5296 914 5343 et
936 5289 1007 5345 Petri
1066 5292 1127 5362 quia
1140 5293 1231 5362 procul
1245 5291 1329 5347 dobin
1340 5295 1385 5363 spui
1400 5309 1432 5348 ca
1446 5309 1527 5364 quam
1541 5291 1638 5347 meruit
1653 5289 1775 5343 libertate
1795 5305 1850 5347 non

227 5364 414 5420 communione
428 5379 487 5421 curn
500 5366 1009 5442 bispermistuosrlcacium‚etPetrum
1065 5387 1157 5451 utitur,
1179 5383 1329 5453 subjectum
1354 5399 1385 5439 se
1408 5385 1591 5455 iniquitatibus
1613 5382 1763 5436 conlltctssr.
1780 5381 1850 5446 Quid

227 5455 479 5556 parasitastrum
495 5459 658 5528 partarum
679 5462 834 5533 serenan,
850 5481 965 5536 aestuas
980 5468 1006 5523 in
1064 5477 1208 5548 psoricon
1220 5475 1264 5531 ms
1276 5489 1343 5545 roas
1365 5492 1417 5532 nort
1434 5477 1570 5546 saratinus
1583 5474 1753 5543 otsrtptsatss
1770 5474 1849 5530 sana

227 5544 352 5601 multllm
373 5547 515 5617 ltmdicts
529 5553 725 5621 eisboslolicas
745 5555 870 5626 epistolas
888 5558 1002 5629 scriptas
1063 5566 1180 5638 appellat
1200 5566 1367 5636 magistrum,
1387 5567 1433 5637 gui
1446 5580 1476 5623 se
1491 5564 1702 5632 institutionibus
1716 5565 1776 5634 ejus
1796 5582 1849 5621 non

263 5666 278 5693 ⁸
294 5656 321 5712 ln
335 5659 397 5715 edit.
410 5661 529 5720 llomana
543 5675 581 5720 cst
594 5663 767 5720 bituricarum.
