<?xml version="1.0" encoding="UTF-8"?>
<!DOCTYPE html PUBLIC "-//W3C//DTD XHTML 1.0 Transitional//EN"
    "http://www.w3.org/TR/xhtml1/DTD/xhtml1-transitional.dtd">
<html xmlns="http://www.w3.org/1999/xhtml" xml:lang="en" lang="en">
 <head>
  <title>
</title>
<meta http-equiv="Content-Type" content="text/html;charset=utf-8" />
  <meta name='ocr-system' content='tesseract 3.04.00' />
  <meta name='ocr-capabilities' content='ocr_page ocr_carea ocr_par ocr_line ocrx_word'/>
</head>
<body>
  <div class='ocr_page' id='page_1' title='image "./patrologiaecurs47unkngoog_0541.png"; bbox 0 0 3906 6180; ppageno 0'>
   <div class='ocr_carea' id='block_1_1' title="bbox 82 659 946 732">
    <p class='ocr_par' dir='ltr' id='par_1_1' title="bbox 82 659 946 732">
     <span class='ocr_line' id='line_1_1' title="bbox 82 659 946 732; baseline 0.002 -19"><span class='ocrx_word' id='word_1_1' title='bbox 82 679 84 683; x_wconf 45' lang='lat'><strong>¹</strong></span> <span class='ocrx_word' id='word_1_2' title='bbox 197 662 284 716; x_wconf 86' lang='lat' dir='ltr'><strong>i&#39;irtua</strong></span> <span class='ocrx_word' id='word_1_3' title='bbox 296 659 414 730; x_wconf 83' lang='lat' dir='ltr'><strong>uocatur]</strong></span> <span class='ocrx_word' id='word_1_4' title='bbox 428 660 504 716; x_wconf 86' lang='lat' dir='ltr'><strong>Unde</strong></span> <span class='ocrx_word' id='word_1_5' title='bbox 517 664 601 717; x_wconf 85' lang='lat' dir='ltr'><strong>virius</strong></span> <span class='ocrx_word' id='word_1_6' title='bbox 616 661 749 732; x_wconf 88' lang='lat' dir='ltr'><strong>appellata</strong></span> <span class='ocrx_word' id='word_1_7' title='bbox 761 664 797 714; x_wconf 93' lang='lat' dir='ltr'><strong>sit</strong></span> <span class='ocrx_word' id='word_1_8' title='bbox 811 660 946 727; x_wconf 87' lang='lat' dir='ltr'><strong>ostendit,</strong></span> 
     </span>
    </p>
   </div>
   <div class='ocr_carea' id='block_1_2' title="bbox 479 307 1796 373">
    <p class='ocr_par' dir='ltr' id='par_1_2' title="bbox 479 307 1796 373">
     <span class='ocr_line' id='line_1_2' title="bbox 479 307 1796 373; baseline -0.002 -1"><span class='ocrx_word' id='word_1_9' title='bbox 479 312 646 373; x_wconf 71' lang='lat' dir='ltr'><strong>triennit</strong></span> <span class='ocrx_word' id='word_1_10' title='bbox 667 315 711 370; x_wconf 84' lang='lat' dir='ltr'><strong>nu</strong></span> <span class='ocrx_word' id='word_1_11' title='bbox 731 313 852 370; x_wconf 74' lang='lat' dir='ltr'><strong>liunus</strong></span> <span class='ocrx_word' id='word_1_12' title='bbox 873 312 916 367; x_wconf 79' lang='lat' dir='ltr'><strong>tit:</strong></span> <span class='ocrx_word' id='word_1_13' title='bbox 935 310 1194 368; x_wconf 56' lang='lat' dir='ltr'><strong>consultationi:</strong></span> <span class='ocrx_word' id='word_1_14' title='bbox 1214 311 1466 371; x_wconf 68' lang='lat' dir='ltr'><strong>Pittiusottttbe.</strong></span> <span class='ocrx_word' id='word_1_15' title='bbox 1716 307 1796 370; x_wconf 66' lang='lat'><strong>{⁰⁶⁰</strong></span> 
     </span>
    </p>
   </div>
   <div class='ocr_carea' id='block_1_3' title="bbox 959 424 1727 550">
    <p class='ocr_par' dir='ltr' id='par_1_3' title="bbox 959 424 1727 550">
     <span class='ocr_line' id='line_1_3' title="bbox 959 424 1727 489; baseline 0.008 -17"><span class='ocrx_word' id='word_1_16' title='bbox 959 425 984 485; x_wconf 76' lang='grc' dir='ltr'><strong>Α</strong></span> <span class='ocrx_word' id='word_1_17' title='bbox 1057 424 1163 484; x_wconf 79' lang='lat' dir='ltr'><strong>ltevnne</strong></span> <span class='ocrx_word' id='word_1_18' title='bbox 1176 433 1222 487; x_wconf 86' lang='lat' dir='ltr'><strong>pat·</strong></span> <span class='ocrx_word' id='word_1_19' title='bbox 1230 439 1269 476; x_wconf 88' lang='lat' dir='ltr'><strong>em</strong></span> <span class='ocrx_word' id='word_1_20' title='bbox 1281 430 1347 484; x_wconf 85' lang='lat' dir='ltr'><strong>vicit,</strong></span> <span class='ocrx_word' id='word_1_21' title='bbox 1361 436 1503 489; x_wconf 70' lang='lat' dir='ltr'><strong>restituique</strong></span> <span class='ocrx_word' id='word_1_22' title='bbox 1511 425 1597 476; x_wconf 89' lang='lat' dir='ltr'><strong>datura</strong></span> <span class='ocrx_word' id='word_1_23' title='bbox 1606 437 1727 478; x_wconf 63' lang='lat' dir='ltr'><strong>moereat</strong></span> 
     </span>
     <span class='ocr_line' id='line_1_4' title="bbox 1059 486 1682 550; baseline 0.005 -16"><span class='ocrx_word' id='word_1_24' title='bbox 1059 486 1188 537; x_wconf 70' lang='lat' dir='ltr'><strong>i&#39;lantibus</strong></span> <span class='ocrx_word' id='word_1_25' title='bbox 1198 496 1255 536; x_wconf 91' lang='lat' dir='ltr'><strong>aute</strong></span> <span class='ocrx_word' id='word_1_26' title='bbox 1265 503 1330 537; x_wconf 83' lang='lat' dir='ltr'><strong>arani</strong></span> <span class='ocrx_word' id='word_1_27' title='bbox 1338 495 1407 538; x_wconf 85' lang='lat' dir='ltr'><strong>stetit</strong></span> <span class='ocrx_word' id='word_1_28' title='bbox 1419 488 1542 550; x_wconf 83' lang='lat' dir='ltr'><strong>lptngenia</strong></span> <span class='ocrx_word' id='word_1_29' title='bbox 1554 489 1682 539; x_wconf 84' lang='lat' dir='ltr'><strong>rnirristris.</strong></span> 
     </span>
    </p>
   </div>
   <div class='ocr_carea' id='block_1_4' title="bbox 1034 568 1791 1180">
    <p class='ocr_par' dir='ltr' id='par_1_4' title="bbox 1034 568 1791 1180">
     <span class='ocr_line' id='line_1_5' title="bbox 1035 568 1647 640; baseline 0.003 -17"><span class='ocrx_word' id='word_1_30' title='bbox 1035 568 1163 640; x_wconf 79' lang='lat' dir='ltr'><strong>Foederat]</strong></span> <span class='ocrx_word' id='word_1_31' title='bbox 1179 568 1292 626; x_wconf 77' lang='lat' dir='ltr'><strong>i&#39;tedere</strong></span> <span class='ocrx_word' id='word_1_32' title='bbox 1307 570 1378 626; x_wconf 91' lang='lat' dir='ltr'><strong>lacto</strong></span> <span class='ocrx_word' id='word_1_33' title='bbox 1392 570 1485 625; x_wconf 78' lang='lat' dir='ltr'><strong>incidit</strong></span> <span class='ocrx_word' id='word_1_34' title='bbox 1498 579 1524 625; x_wconf 90' lang='lat' dir='ltr'><strong>et</strong></span> <span class='ocrx_word' id='word_1_35' title='bbox 1537 577 1647 625; x_wconf 88' lang='lat' dir='ltr'><strong>mactat.</strong></span> 
     </span>
     <span class='ocr_line' id='line_1_6' title="bbox 1035 659 1293 731; baseline -0.008 -16"><span class='ocrx_word' id='word_1_36' title='bbox 1035 659 1124 731; x_wconf 69' lang='lat' dir='ltr'><strong>Naue]</strong></span> <span class='ocrx_word' id='word_1_37' title='bbox 1141 661 1293 729; x_wconf 71' lang='lat' dir='ltr'><strong>lpbigenize.</strong></span> 
     </span>
     <span class='ocr_line' id='line_1_7' title="bbox 1034 749 1285 823; baseline 0.008 -19"><span class='ocrx_word' id='word_1_38' title='bbox 1034 749 1150 823; x_wconf 76' lang='lat' dir='ltr'><strong>tractus]</strong></span> <span class='ocrx_word' id='word_1_39' title='bbox 1166 753 1285 823; x_wconf 79' lang='lat' dir='ltr'><strong>Ulysses.</strong></span> 
     </span>
     <span class='ocr_line' id='line_1_8' title="bbox 1035 844 1467 917; baseline 0 -15"><span class='ocrx_word' id='word_1_40' title='bbox 1035 844 1157 917; x_wconf 80' lang='lat' dir='ltr'><strong>Sartaba]</strong></span> <span class='ocrx_word' id='word_1_41' title='bbox 1171 845 1277 901; x_wconf 83' lang='lat' dir='ltr'><strong>Socios.</strong></span> <span class='ocrx_word' id='word_1_42' title='bbox 1295 845 1467 915; x_wconf 67' lang='lat' dir='ltr'><strong>Propertius:</strong></span> 
     </span>
     <span class='ocr_line' id='line_1_9' title="bbox 1064 934 1611 1002; baseline 0.005 -18"><span class='ocrx_word' id='word_1_43' title='bbox 1064 934 1180 986; x_wconf 87' lang='lat' dir='ltr'><strong>Paulatim</strong></span> <span class='ocrx_word' id='word_1_44' title='bbox 1191 940 1284 989; x_wconf 85' lang='lat' dir='ltr'><strong>socium</strong></span> <span class='ocrx_word' id='word_1_45' title='bbox 1293 939 1410 1000; x_wconf 84' lang='lat' dir='ltr'><strong>jactmam</strong></span> <span class='ocrx_word' id='word_1_46' title='bbox 1421 939 1490 989; x_wconf 90' lang='lat' dir='ltr'><strong>tievit</strong></span> <span class='ocrx_word' id='word_1_47' title='bbox 1502 938 1611 1002; x_wconf 80' lang='lat' dir='ltr'><strong>Ulpsses.</strong></span> 
     </span>
     <span class='ocr_line' id='line_1_10' title="bbox 1037 1013 1791 1090; baseline 0.015 -21"><span class='ocrx_word' id='word_1_48' title='bbox 1037 1013 1129 1090; x_wconf 72' lang='lat' dir='ltr'><strong>Ferae]</strong></span> <span class='ocrx_word' id='word_1_49' title='bbox 1144 1019 1337 1084; x_wconf 72' lang='lat' dir='ltr'><strong>truculentus,</strong></span> <span class='ocrx_word' id='word_1_50' title='bbox 1353 1023 1386 1074; x_wconf 90' lang='lat' dir='ltr'><strong>ab</strong></span> <span class='ocrx_word' id='word_1_51' title='bbox 1402 1019 1567 1077; x_wconf 68' lang='lat' dir='ltr'>humanitate</span> <span class='ocrx_word' id='word_1_52' title='bbox 1582 1022 1665 1076; x_wconf 78' lang='lat' dir='ltr'><strong>uirtus</strong></span> <span class='ocrx_word' id='word_1_53' title='bbox 1675 1022 1791 1080; x_wconf 85' lang='lat' dir='ltr'><strong>alienus.</strong></span> 
     </span>
     <span class='ocr_line' id='line_1_11' title="bbox 1037 1108 1485 1180; baseline 0.016 -18"><span class='ocrx_word' id='word_1_54' title='bbox 1037 1108 1137 1180; x_wconf 68' lang='lat' dir='ltr'><strong>Marii]</strong></span> <span class='ocrx_word' id='word_1_55' title='bbox 1151 1109 1308 1180; x_wconf 70' lang='lat' dir='ltr'><strong>Absorpsit,</strong></span> <span class='ocrx_word' id='word_1_56' title='bbox 1326 1113 1485 1170; x_wconf 73' lang='lat' dir='ltr'><strong>recondidit.</strong></span> 
     </span>
    </p>
   </div>
   <div class='ocr_carea' id='block_1_5' title="bbox 1036 1199 1793 1274">
    <p class='ocr_par' dir='ltr' id='par_1_5' title="bbox 1036 1199 1793 1274">
     <span class='ocr_line' id='line_1_12' title="bbox 1036 1199 1793 1274; baseline 0.011 -18"><span class='ocrx_word' id='word_1_57' title='bbox 1036 1199 1222 1274; x_wconf 77' lang='lat' dir='ltr'><strong>Potppbemur]</strong></span> <span class='ocrx_word' id='word_1_58' title='bbox 1234 1202 1283 1258; x_wconf 91' lang='lat' dir='ltr'><strong>llic</strong></span> <span class='ocrx_word' id='word_1_59' title='bbox 1296 1202 1345 1257; x_wconf 90' lang='lat' dir='ltr'><strong>luit</strong></span> <span class='ocrx_word' id='word_1_60' title='bbox 1356 1204 1468 1274; x_wconf 80' lang='lat' dir='ltr'><strong>Neptuni</strong></span> <span class='ocrx_word' id='word_1_61' title='bbox 1485 1205 1555 1261; x_wconf 83' lang='lat' dir='ltr'><strong>nitus</strong></span> <span class='ocrx_word' id='word_1_62' title='bbox 1566 1221 1598 1261; x_wconf 84' lang='lat' dir='ltr'><strong>er</strong></span> <span class='ocrx_word' id='word_1_63' title='bbox 1610 1205 1685 1260; x_wconf 80' lang='lat' dir='ltr'><strong>Tirrra</strong></span> <span class='ocrx_word' id='word_1_64' title='bbox 1695 1205 1793 1264; x_wconf 90' lang='lat' dir='ltr'><strong>Pborcl</strong></span> 
     </span>
    </p>
   </div>
   <div class='ocr_carea' id='block_1_6' title="bbox 136 315 229 409">
    <p class='ocr_par' dir='ltr' id='par_1_6' title="bbox 136 315 229 409">
     <span class='ocr_line' id='line_1_13' title="bbox 136 315 229 409; baseline -0.032 -31"><span class='ocrx_word' id='word_1_65' title='bbox 136 405 139 409; x_wconf 12' lang='lat'>⁸</span> <span class='ocrx_word' id='word_1_66' title='bbox 159 315 229 383; x_wconf 81' lang='lat' dir='ltr'><strong>vota</strong></span> 
     </span>
    </p>
   </div>
   <div class='ocr_carea' id='block_1_7' title="bbox 193 425 748 506">
    <p class='ocr_par' dir='ltr' id='par_1_7' title="bbox 193 425 748 506">
     <span class='ocr_line' id='line_1_14' title="bbox 193 425 748 506; baseline -0.013 -22"><span class='ocrx_word' id='word_1_67' title='bbox 193 429 290 486; x_wconf 83' lang='lat' dir='ltr'><strong>Glorioe</strong></span> <span class='ocrx_word' id='word_1_68' title='bbox 310 425 423 497; x_wconf 73' lang='lat' dir='ltr'><strong>propriu]</strong></span> <span class='ocrx_word' id='word_1_69' title='bbox 440 425 552 479; x_wconf 82' lang='lat' dir='ltr'><strong>Faustus</strong></span> <span class='ocrx_word' id='word_1_70' title='bbox 568 425 748 506; x_wconf 80' lang='lat' dir='ltr'><strong>Arrrlrelinus:</strong></span> 
     </span>
    </p>
   </div>
   <div class='ocr_carea' id='block_1_8' title="bbox 219 519 783 642">
    <p class='ocr_par' dir='ltr' id='par_1_8' title="bbox 219 519 783 642">
     <span class='ocr_line' id='line_1_15' title="bbox 219 519 772 579; baseline -0.004 -11"><span class='ocrx_word' id='word_1_71' title='bbox 219 519 300 568; x_wconf 84' lang='lat' dir='ltr'><strong>Fortia</strong></span> <span class='ocrx_word' id='word_1_72' title='bbox 312 519 423 570; x_wconf 85' lang='lat' dir='ltr'><strong>diltlcites</strong></span> <span class='ocrx_word' id='word_1_73' title='bbox 431 521 570 579; x_wconf 82' lang='lat' dir='ltr'><strong>superantia</strong></span> <span class='ocrx_word' id='word_1_74' title='bbox 583 527 682 577; x_wconf 73' lang='lat' dir='ltr'><strong>pecora</strong></span> <span class='ocrx_word' id='word_1_75' title='bbox 693 531 772 575; x_wconf 79' lang='lat' dir='ltr'><strong>castra,</strong></span> 
     </span>
     <span class='ocr_line' id='line_1_16' title="bbox 251 579 783 642; baseline -0.004 -13"><span class='ocrx_word' id='word_1_76' title='bbox 251 579 339 642; x_wconf 73' lang='lat' dir='ltr'><strong>inclyta</strong></span> <span class='ocrx_word' id='word_1_77' title='bbox 352 587 479 640; x_wconf 78' lang='lat' dir='ltr'><strong>perpetue</strong></span> <span class='ocrx_word' id='word_1_78' title='bbox 488 582 584 629; x_wconf 83' lang='lat' dir='ltr'><strong>riornina</strong></span> <span class='ocrx_word' id='word_1_79' title='bbox 593 580 673 631; x_wconf 90' lang='lat' dir='ltr'><strong>imdis</strong></span> <span class='ocrx_word' id='word_1_80' title='bbox 684 580 783 629; x_wconf 82' lang='lat' dir='ltr'><strong>iubent.</strong></span> 
     </span>
    </p>
   </div>
   <div class='ocr_carea' id='block_1_9' title="bbox 155 753 1794 2188">
    <p class='ocr_par' dir='ltr' id='par_1_9' title="bbox 155 753 1793 1738">
     <span class='ocr_line' id='line_1_17' title="bbox 157 753 947 824; baseline -0.004 -16"><span class='ocrx_word' id='word_1_81' title='bbox 157 753 227 824; x_wconf 81' lang='lat' dir='ltr'><strong>qnod</strong></span> <span class='ocrx_word' id='word_1_82' title='bbox 242 753 298 808; x_wconf 88' lang='lat' dir='ltr'><strong>suis</strong></span> <span class='ocrx_word' id='word_1_83' title='bbox 313 754 417 808; x_wconf 86' lang='lat' dir='ltr'><strong>scilicet</strong></span> <span class='ocrx_word' id='word_1_84' title='bbox 435 754 536 808; x_wconf 88' lang='lat' dir='ltr'><strong>viribus</strong></span> <span class='ocrx_word' id='word_1_85' title='bbox 554 756 657 818; x_wconf 88' lang='lat' dir='ltr'><strong>nitens,</strong></span> <span class='ocrx_word' id='word_1_86' title='bbox 674 769 728 808; x_wconf 86' lang='lat' dir='ltr'><strong>aron</strong></span> <span class='ocrx_word' id='word_1_87' title='bbox 743 766 884 823; x_wconf 87' lang='lat' dir='ltr'><strong>superetur</strong></span> <span class='ocrx_word' id='word_1_88' title='bbox 898 753 947 807; x_wconf 82' lang='lat' dir='ltr'><strong>arl-</strong></span> 
     </span>
     <span class='ocr_line' id='line_1_18' title="bbox 156 842 947 911; baseline -0.004 -13"><span class='ocrx_word' id='word_1_89' title='bbox 156 845 251 899; x_wconf 88' lang='lat' dir='ltr'><strong>versis.</strong></span> <span class='ocrx_word' id='word_1_90' title='bbox 274 842 308 897; x_wconf 87' lang='lat' dir='ltr'><strong>ll.</strong></span> <span class='ocrx_word' id='word_1_91' title='bbox 330 842 424 898; x_wconf 87' lang='lat' dir='ltr'><strong>Cicero</strong></span> <span class='ocrx_word' id='word_1_92' title='bbox 444 842 512 898; x_wconf 91' lang='lat' dir='ltr'><strong>libro</strong></span> <span class='ocrx_word' id='word_1_93' title='bbox 532 843 742 898; x_wconf 79' lang='lat' dir='ltr'><strong>latscnlanarum</strong></span> <span class='ocrx_word' id='word_1_94' title='bbox 764 842 947 911; x_wconf 73' lang='lat' dir='ltr'><strong>Quaestionum</strong></span> 
     </span>
     <span class='ocr_line' id='line_1_19' title="bbox 155 933 949 1004; baseline -0.006 -14"><span class='ocrx_word' id='word_1_95' title='bbox 155 935 294 992; x_wconf 87' lang='lat' dir='ltr'><strong>secutrdo:</strong></span> <span class='ocrx_word' id='word_1_96' title='bbox 311 937 449 1004; x_wconf 75' lang='lat' dir='ltr'><strong>Appellare</strong></span> <span class='ocrx_word' id='word_1_97' title='bbox 461 945 497 989; x_wconf 86' lang='lat' dir='ltr'><strong>eat</strong></span> <span class='ocrx_word' id='word_1_98' title='bbox 508 937 574 989; x_wconf 84' lang='lat' dir='ltr'><strong>enim</strong></span> <span class='ocrx_word' id='word_1_99' title='bbox 584 951 616 989; x_wconf 81' lang='lat' dir='ltr'><strong>ea</strong></span> <span class='ocrx_word' id='word_1_100' title='bbox 626 937 679 989; x_wconf 84' lang='lat' dir='ltr'><strong>uiro</strong></span> <span class='ocrx_word' id='word_1_101' title='bbox 689 937 778 989; x_wconf 84' lang='lat' dir='ltr'><strong>uirtus.</strong></span> <span class='ocrx_word' id='word_1_102' title='bbox 795 933 850 987; x_wconf 81' lang='lat' dir='ltr'><strong>Viri</strong></span> <span class='ocrx_word' id='word_1_103' title='bbox 864 944 949 987; x_wconf 80' lang='lat' dir='ltr'><strong>amem</strong></span> 
     </span>
     <span class='ocr_line' id='line_1_20' title="bbox 157 1025 948 1099; baseline -0.005 -20"><span class='ocrx_word' id='word_1_104' title='bbox 157 1027 265 1094; x_wconf 83' lang='lat' dir='ltr'><strong>propriu</strong></span> <span class='ocrx_word' id='word_1_105' title='bbox 277 1026 389 1079; x_wconf 79' lang='lat' dir='ltr'><strong>murinae</strong></span> <span class='ocrx_word' id='word_1_106' title='bbox 402 1034 439 1099; x_wconf 77' lang='lat' dir='ltr'><strong>est</strong></span> <span class='ocrx_word' id='word_1_107' title='bbox 454 1025 599 1095; x_wconf 66' lang='lat' dir='ltr'><strong>tortitudo,</strong></span> <span class='ocrx_word' id='word_1_108' title='bbox 614 1027 688 1095; x_wconf 72' lang='lat' dir='ltr'><strong>enim</strong></span> <span class='ocrx_word' id='word_1_109' title='bbox 703 1041 809 1077; x_wconf 69' lang='lat' dir='ltr'><strong>annuere</strong></span> <span class='ocrx_word' id='word_1_110' title='bbox 824 1026 875 1076; x_wconf 80' lang='lat' dir='ltr'><strong>diro</strong></span> <span class='ocrx_word' id='word_1_111' title='bbox 895 1039 948 1076; x_wconf 84' lang='lat' dir='ltr'><strong>nra·</strong></span> 
     </span>
     <span class='ocr_line' id='line_1_21' title="bbox 156 1105 950 1196; baseline -0.008 -26"><span class='ocrx_word' id='word_1_112' title='bbox 156 1116 227 1170; x_wconf 82' lang='lat' dir='ltr'><strong>rime</strong></span> <span class='ocrx_word' id='word_1_113' title='bbox 242 1124 315 1182; x_wconf 86' lang='lat' dir='ltr'><strong>aunt,</strong></span> <span class='ocrx_word' id='word_1_114' title='bbox 329 1115 418 1169; x_wconf 82' lang='lat' dir='ltr'><strong>mortis</strong></span> <span class='ocrx_word' id='word_1_115' title='bbox 430 1115 578 1187; x_wconf 72' lang='lat' dir='ltr'><strong>dolorisque</strong></span> <span class='ocrx_word' id='word_1_116' title='bbox 593 1105 755 1196; x_wconf 75' lang='lat' dir='ltr'><strong>septemptia.</strong></span> <span class='ocrx_word' id='word_1_117' title='bbox 773 1113 900 1168; x_wconf 84' lang='lat' dir='ltr'><strong>lltertrinnr</strong></span> <span class='ocrx_word' id='word_1_118' title='bbox 913 1122 950 1167; x_wconf 84' lang='lat' dir='ltr'><strong>cst</strong></span> 
     </span>
     <span class='ocr_line' id='line_1_22' title="bbox 155 1204 950 1277; baseline -0.005 -18"><span class='ocrx_word' id='word_1_119' title='bbox 155 1206 234 1277; x_wconf 75' lang='lat' dir='ltr'><strong>igitur</strong></span> <span class='ocrx_word' id='word_1_120' title='bbox 249 1204 306 1270; x_wconf 78' lang='lat' dir='ltr'><strong>tria,</strong></span> <span class='ocrx_word' id='word_1_121' title='bbox 319 1205 341 1258; x_wconf 83' lang='lat' dir='ltr'><strong>ri</strong></span> <span class='ocrx_word' id='word_1_122' title='bbox 357 1205 458 1259; x_wconf 79' lang='lat' dir='ltr'><strong>uirtutis</strong></span> <span class='ocrx_word' id='word_1_123' title='bbox 472 1214 618 1276; x_wconf 79' lang='lat' dir='ltr'><strong>compotes,</strong></span> <span class='ocrx_word' id='word_1_124' title='bbox 635 1206 673 1259; x_wconf 82' lang='lat' dir='ltr'><strong>rel</strong></span> <span class='ocrx_word' id='word_1_125' title='bbox 688 1205 772 1271; x_wconf 83' lang='lat' dir='ltr'><strong>petius</strong></span> <span class='ocrx_word' id='word_1_126' title='bbox 787 1206 810 1258; x_wconf 87' lang='lat' dir='ltr'><strong>ai</strong></span> <span class='ocrx_word' id='word_1_127' title='bbox 820 1204 867 1257; x_wconf 88' lang='lat' dir='ltr'><strong>riri</strong></span> <span class='ocrx_word' id='word_1_128' title='bbox 880 1204 950 1256; x_wconf 84' lang='lat' dir='ltr'><strong>uolu-</strong></span> 
     </span>
     <span class='ocr_line' id='line_1_23' title="bbox 156 1289 1792 1367; baseline 0.006 -20"><span class='ocrx_word' id='word_1_129' title='bbox 156 1312 211 1349; x_wconf 83' lang='lat' dir='ltr'><strong>mus</strong></span> <span class='ocrx_word' id='word_1_130' title='bbox 230 1311 299 1359; x_wconf 85' lang='lat' dir='ltr'><strong>etse,</strong></span> <span class='ocrx_word' id='word_1_131' title='bbox 313 1296 433 1364; x_wconf 69' lang='lat' dir='ltr'><strong>purnium</strong></span> <span class='ocrx_word' id='word_1_132' title='bbox 447 1310 463 1348; x_wconf 89' lang='lat' dir='ltr'><strong>rt</strong></span> <span class='ocrx_word' id='word_1_133' title='bbox 476 1295 538 1349; x_wconf 82' lang='lat' dir='ltr'><strong>viria</strong></span> <span class='ocrx_word' id='word_1_134' title='bbox 560 1298 640 1350; x_wconf 85' lang='lat' dir='ltr'><strong>uirtus</strong></span> <span class='ocrx_word' id='word_1_135' title='bbox 660 1310 751 1349; x_wconf 81' lang='lat' dir='ltr'><strong>tramea</strong></span> <span class='ocrx_word' id='word_1_136' title='bbox 766 1304 802 1347; x_wconf 83' lang='lat' dir='ltr'><strong>eat</strong></span> <span class='ocrx_word' id='word_1_137' title='bbox 822 1301 949 1347; x_wconf 69' lang='lat' dir='ltr'><strong>mutatur.</strong></span> <span class='ocrx_word' id='word_1_138' title='bbox 1002 1291 1071 1353; x_wconf 79' lang='lat' dir='ltr'><strong>trita,</strong></span> <span class='ocrx_word' id='word_1_139' title='bbox 1084 1293 1208 1363; x_wconf 74' lang='lat' dir='ltr'><strong>adenem</strong></span> <span class='ocrx_word' id='word_1_140' title='bbox 1221 1308 1280 1350; x_wconf 89' lang='lat' dir='ltr'><strong>eum</strong></span> <span class='ocrx_word' id='word_1_141' title='bbox 1293 1295 1438 1367; x_wconf 83' lang='lat' dir='ltr'><strong>Ulyssesin</strong></span> <span class='ocrx_word' id='word_1_142' title='bbox 1452 1297 1568 1353; x_wconf 88' lang='lat' dir='ltr'><strong>Siciliam</strong></span> <span class='ocrx_word' id='word_1_143' title='bbox 1582 1289 1721 1366; x_wconf 85' lang='lat' dir='ltr'><strong>proiectus</strong></span> <span class='ocrx_word' id='word_1_144' title='bbox 1732 1315 1792 1356; x_wconf 82' lang='lat' dir='ltr'><strong>cetu</strong></span> 
     </span>
     <span class='ocr_line' id='line_1_24' title="bbox 156 1383 1792 1460; baseline 0.003 -20"><span class='ocrx_word' id='word_1_145' title='bbox 156 1387 309 1442; x_wconf 76' lang='lat' dir='ltr'><strong>iactantius</strong></span> <span class='ocrx_word' id='word_1_146' title='bbox 329 1386 397 1441; x_wconf 89' lang='lat' dir='ltr'><strong>libro</strong></span> <span class='ocrx_word' id='word_1_147' title='bbox 416 1387 450 1443; x_wconf 89' lang='lat' dir='ltr'><strong>de</strong></span> <span class='ocrx_word' id='word_1_148' title='bbox 463 1387 596 1457; x_wconf 80' lang='lat' dir='ltr'><strong>Opiltcin:</strong></span> <span class='ocrx_word' id='word_1_149' title='bbox 611 1386 668 1452; x_wconf 84' lang='lat' dir='ltr'><strong>i’r&#39;r,</strong></span> <span class='ocrx_word' id='word_1_150' title='bbox 684 1387 786 1458; x_wconf 83' lang='lat' dir='ltr'><strong>inquit,</strong></span> <span class='ocrx_word' id='word_1_151' title='bbox 801 1387 951 1440; x_wconf 82' lang='lat' dir='ltr'><strong>noruirrutua</strong></span> <span class='ocrx_word' id='word_1_152' title='bbox 1001 1383 1141 1439; x_wconf 78' lang='lat' dir='ltr'><strong>duodecim</strong></span> <span class='ocrx_word' id='word_1_153' title='bbox 1157 1387 1299 1442; x_wconf 75' lang='lat' dir='ltr'><strong>comitibus</strong></span> <span class='ocrx_word' id='word_1_154' title='bbox 1319 1389 1501 1457; x_wconf 65' lang='lat' dir='ltr'><strong>perreaisser,</strong></span> <span class='ocrx_word' id='word_1_155' title='bbox 1521 1397 1576 1444; x_wconf 90' lang='lat' dir='ltr'><strong>tres</strong></span> <span class='ocrx_word' id='word_1_156' title='bbox 1596 1391 1680 1447; x_wconf 88' lang='lat' dir='ltr'><strong>cadus</strong></span> <span class='ocrx_word' id='word_1_157' title='bbox 1698 1391 1792 1460; x_wconf 92' lang='lat' dir='ltr'><strong>optimi</strong></span> 
     </span>
     <span class='ocr_line' id='line_1_25' title="bbox 156 1474 1793 1550; baseline 0 -16"><span class='ocrx_word' id='word_1_158' title='bbox 156 1488 209 1543; x_wconf 85' lang='lat' dir='ltr'><strong>cst,</strong></span> <span class='ocrx_word' id='word_1_159' title='bbox 222 1478 290 1548; x_wconf 83' lang='lat' dir='ltr'><strong>puatl</strong></span> <span class='ocrx_word' id='word_1_160' title='bbox 301 1478 329 1533; x_wconf 84' lang='lat' dir='ltr'><strong>iu</strong></span> <span class='ocrx_word' id='word_1_161' title='bbox 341 1495 369 1533; x_wconf 88' lang='lat' dir='ltr'><strong>eo</strong></span> <span class='ocrx_word' id='word_1_162' title='bbox 383 1480 519 1550; x_wconf 75' lang='lat' dir='ltr'><strong>majorata</strong></span> <span class='ocrx_word' id='word_1_163' title='bbox 532 1489 570 1534; x_wconf 87' lang='lat' dir='ltr'><strong>est</strong></span> <span class='ocrx_word' id='word_1_164' title='bbox 583 1495 660 1550; x_wconf 78' lang='lat' dir='ltr'><strong>gasat</strong></span> <span class='ocrx_word' id='word_1_165' title='bbox 675 1480 702 1532; x_wconf 85' lang='lat' dir='ltr'><strong>in</strong></span> <span class='ocrx_word' id='word_1_166' title='bbox 721 1479 828 1549; x_wconf 76' lang='lat' dir='ltr'><strong>semiue.</strong></span> <span class='ocrx_word' id='word_1_167' title='bbox 844 1474 877 1530; x_wconf 75' lang='lat' dir='ltr'><strong>Er</strong></span> <span class='ocrx_word' id='word_1_168' title='bbox 893 1476 952 1529; x_wconf 82' lang='lat' dir='ltr'><strong>trino</strong></span> <span class='ocrx_word' id='word_1_169' title='bbox 1003 1475 1055 1528; x_wconf 82' lang='lat' dir='ltr'><strong>tini</strong></span> <span class='ocrx_word' id='word_1_170' title='bbox 1070 1491 1161 1530; x_wconf 89' lang='lat' dir='ltr'><strong>secum</strong></span> <span class='ocrx_word' id='word_1_171' title='bbox 1172 1483 1291 1546; x_wconf 87' lang='lat' dir='ltr'><strong>portans,</strong></span> <span class='ocrx_word' id='word_1_172' title='bbox 1301 1478 1449 1538; x_wconf 87' lang='lat' dir='ltr'><strong>admiratus</strong></span> <span class='ocrx_word' id='word_1_173' title='bbox 1457 1487 1498 1534; x_wconf 89' lang='lat' dir='ltr'><strong>est</strong></span> <span class='ocrx_word' id='word_1_174' title='bbox 1507 1481 1733 1549; x_wconf 77' lang='lat' dir='ltr'><strong>magnitudinem,</strong></span> <span class='ocrx_word' id='word_1_175' title='bbox 1742 1479 1793 1534; x_wconf 85' lang='lat' dir='ltr'><strong>lur-</strong></span> 
     </span>
     <span class='ocr_line' id='line_1_26' title="bbox 156 1555 1791 1642; baseline 0.006 -23"><span class='ocrx_word' id='word_1_176' title='bbox 156 1570 235 1625; x_wconf 78' lang='lat' dir='ltr'><strong>ur‘rnu</strong></span> <span class='ocrx_word' id='word_1_177' title='bbox 250 1587 346 1642; x_wconf 61' lang='lat' dir='ltr'><strong>nomeu</strong></span> <span class='ocrx_word' id='word_1_178' title='bbox 355 1572 464 1640; x_wconf 64' lang='lat' dir='ltr'><strong>acepit,</strong></span> <span class='ocrx_word' id='word_1_179' title='bbox 679 1631 681 1635; x_wconf 23' lang='grc' dir='ltr'>Ι</span> <span class='ocrx_word' id='word_1_180' title='bbox 1002 1584 1126 1636; x_wconf 69' lang='lat' dir='ltr'><strong>utrumne</strong></span> <span class='ocrx_word' id='word_1_181' title='bbox 1139 1569 1255 1624; x_wconf 89' lang='lat' dir='ltr'><strong>bominis</strong></span> <span class='ocrx_word' id='word_1_182' title='bbox 1271 1571 1378 1627; x_wconf 88' lang='lat' dir='ltr'><strong>unicum</strong></span> <span class='ocrx_word' id='word_1_183' title='bbox 1392 1572 1497 1628; x_wconf 89' lang='lat' dir='ltr'><strong>oculum</strong></span> <span class='ocrx_word' id='word_1_184' title='bbox 1512 1574 1540 1628; x_wconf 91' lang='lat' dir='ltr'><strong>in</strong></span> <span class='ocrx_word' id='word_1_185' title='bbox 1555 1555 1644 1629; x_wconf 84' lang='lat' dir='ltr'><strong>leonte</strong></span> <span class='ocrx_word' id='word_1_186' title='bbox 1657 1573 1791 1641; x_wconf 83' lang='lat' dir='ltr'><strong>babeatis,</strong></span> 
     </span>
     <span class='ocr_line' id='line_1_27' title="bbox 417 1660 1791 1738; baseline 0.004 -22"><span class='ocrx_word' id='word_1_187' title='bbox 417 1660 450 1716; x_wconf 85' lang='lat' dir='ltr'><strong>tit</strong></span> <span class='ocrx_word' id='word_1_188' title='bbox 470 1660 615 1717; x_wconf 80' lang='lat' dir='ltr'><strong>illi‘lllllli</strong></span> <span class='ocrx_word' id='word_1_189' title='bbox 636 1660 692 1716; x_wconf 76' lang='lat' dir='ltr'><strong>iti.</strong></span> <span class='ocrx_word' id='word_1_190' title='bbox 922 1694 924 1699; x_wconf 68' lang='lat'><strong>,</strong></span> <span class='ocrx_word' id='word_1_191' title='bbox 1002 1664 1046 1730; x_wconf 80' lang='lat' dir='ltr'><strong>nui</strong></span> <span class='ocrx_word' id='word_1_192' title='bbox 1062 1664 1134 1720; x_wconf 85' lang='lat' dir='ltr'><strong>solua</strong></span> <span class='ocrx_word' id='word_1_193' title='bbox 1146 1665 1196 1719; x_wconf 86' lang='lat' dir='ltr'><strong>sub</strong></span> <span class='ocrx_word' id='word_1_194' title='bbox 1210 1674 1288 1719; x_wconf 90' lang='lat' dir='ltr'><strong>antro</strong></span> <span class='ocrx_word' id='word_1_195' title='bbox 1303 1666 1415 1721; x_wconf 88' lang='lat' dir='ltr'><strong>tollebat</strong></span> <span class='ocrx_word' id='word_1_196' title='bbox 1428 1665 1562 1736; x_wconf 85' lang='lat' dir='ltr'><strong>lapidem,</strong></span> <span class='ocrx_word' id='word_1_197' title='bbox 1576 1667 1684 1736; x_wconf 83' lang='lat' dir='ltr'><strong>qualem</strong></span> <span class='ocrx_word' id='word_1_198' title='bbox 1701 1668 1791 1738; x_wconf 79' lang='lat' dir='ltr'><strong>viginti</strong></span> 
     </span>
    </p>

    <p class='ocr_par' dir='ltr' id='par_1_10' title="bbox 155 1743 1794 2188">
     <span class='ocr_line' id='line_1_28' title="bbox 191 1743 1793 1848; baseline 0.004 -38"><span class='ocrx_word' id='word_1_199' title='bbox 191 1753 284 1810; x_wconf 85' lang='lat' dir='ltr'><strong>&#39;iriam</strong></span> <span class='ocrx_word' id='word_1_200' title='bbox 300 1753 510 1810; x_wconf 79' lang='lat' dir='ltr'><strong>laetissimorum</strong></span> <span class='ocrx_word' id='word_1_201' title='bbox 525 1755 658 1824; x_wconf 74' lang='lat' dir='ltr'><strong>exemptis</strong></span> <span class='ocrx_word' id='word_1_202' title='bbox 677 1753 810 1819; x_wconf 86' lang='lat' dir='ltr'><strong>ostendit,</strong></span> <span class='ocrx_word' id='word_1_203' title='bbox 829 1767 882 1807; x_wconf 84' lang='lat' dir='ltr'><strong>raon</strong></span> <span class='ocrx_word' id='word_1_204' title='bbox 900 1743 951 1806; x_wconf 78' lang='lat' dir='ltr'><strong>nid</strong></span> <span class='ocrx_word' id='word_1_205' title='bbox 964 1788 989 1848; x_wconf 66' lang='lat' dir='ltr'>B</span> <span class='ocrx_word' id='word_1_206' title='bbox 1003 1755 1083 1808; x_wconf 87' lang='lat' dir='ltr'><strong>baum</strong></span> <span class='ocrx_word' id='word_1_207' title='bbox 1097 1755 1159 1826; x_wconf 83' lang='lat' dir='ltr'><strong>juga</strong></span> <span class='ocrx_word' id='word_1_208' title='bbox 1174 1756 1218 1811; x_wconf 87' lang='lat' dir='ltr'><strong>vir</strong></span> <span class='ocrx_word' id='word_1_209' title='bbox 1234 1772 1343 1813; x_wconf 86' lang='lat' dir='ltr'><strong>movere</strong></span> <span class='ocrx_word' id='word_1_210' title='bbox 1356 1760 1515 1828; x_wconf 81' lang='lat' dir='ltr'><strong>potatisseut.</strong></span> <span class='ocrx_word' id='word_1_211' title='bbox 1536 1758 1578 1815; x_wconf 86' lang='lat' dir='ltr'><strong>sb</strong></span> <span class='ocrx_word' id='word_1_212' title='bbox 1591 1774 1626 1815; x_wconf 89' lang='lat' dir='ltr'><strong>eo</strong></span> <span class='ocrx_word' id='word_1_213' title='bbox 1647 1760 1733 1832; x_wconf 82' lang='lat' dir='ltr'><strong>igitur</strong></span> <span class='ocrx_word' id='word_1_214' title='bbox 1744 1760 1793 1819; x_wconf 84' lang='lat' dir='ltr'><strong>aci·</strong></span> 
     </span>
     <span class='ocr_line' id='line_1_29' title="bbox 155 1836 1794 1922; baseline 0.005 -20"><span class='ocrx_word' id='word_1_215' title='bbox 155 1861 204 1917; x_wconf 89' lang='lat' dir='ltr'><strong>per</strong></span> <span class='ocrx_word' id='word_1_216' title='bbox 223 1846 348 1903; x_wconf 89' lang='lat' dir='ltr'><strong>diiltciiia</strong></span> <span class='ocrx_word' id='word_1_217' title='bbox 363 1856 391 1902; x_wconf 89' lang='lat' dir='ltr'><strong>et</strong></span> <span class='ocrx_word' id='word_1_218' title='bbox 409 1836 495 1903; x_wconf 83' lang='lat' dir='ltr'><strong>ardua</strong></span> <span class='ocrx_word' id='word_1_219' title='bbox 514 1846 566 1902; x_wconf 90' lang='lat' dir='ltr'><strong>iter</strong></span> <span class='ocrx_word' id='word_1_220' title='bbox 584 1859 646 1902; x_wconf 85' lang='lat' dir='ltr'><strong>crae</strong></span> <span class='ocrx_word' id='word_1_221' title='bbox 664 1845 697 1901; x_wconf 88' lang='lat' dir='ltr'><strong>ad</strong></span> <span class='ocrx_word' id='word_1_222' title='bbox 712 1845 840 1901; x_wconf 87' lang='lat' dir='ltr'><strong>virtutem</strong></span> <span class='ocrx_word' id='word_1_223' title='bbox 852 1852 882 1900; x_wconf 89' lang='lat' dir='ltr'><strong>et</strong></span> <span class='ocrx_word' id='word_1_224' title='bbox 893 1843 952 1914; x_wconf 70' lang='lat' dir='ltr'><strong>pto·</strong></span> <span class='ocrx_word' id='word_1_225' title='bbox 1001 1846 1114 1903; x_wconf 84' lang='lat' dir='ltr'><strong>aeiratua</strong></span> <span class='ocrx_word' id='word_1_226' title='bbox 1126 1855 1168 1903; x_wconf 87' lang='lat' dir='ltr'><strong>esi</strong></span> <span class='ocrx_word' id='word_1_227' title='bbox 1178 1846 1287 1918; x_wconf 80' lang='lat' dir='ltr'><strong>lltysses</strong></span> <span class='ocrx_word' id='word_1_228' title='bbox 1299 1849 1371 1918; x_wconf 79' lang='lat' dir='ltr'><strong>quod</strong></span> <span class='ocrx_word' id='word_1_229' title='bbox 1383 1865 1468 1920; x_wconf 83' lang='lat' dir='ltr'><strong>genus</strong></span> <span class='ocrx_word' id='word_1_230' title='bbox 1479 1851 1629 1920; x_wconf 87' lang='lat' dir='ltr'><strong>bominum,</strong></span> <span class='ocrx_word' id='word_1_231' title='bbox 1643 1852 1689 1922; x_wconf 79' lang='lat' dir='ltr'><strong>nui</strong></span> <span class='ocrx_word' id='word_1_232' title='bbox 1704 1869 1794 1911; x_wconf 72' lang='lat' dir='ltr'><strong>sauss</strong></span> 
     </span>
     <span class='ocr_line' id='line_1_30' title="bbox 156 1933 1794 2009; baseline 0.004 -13"><span class='ocrx_word' id='word_1_233' title='bbox 156 1941 236 1996; x_wconf 89' lang='lat' dir='ltr'><strong>riam.</strong></span> <span class='ocrx_word' id='word_1_234' title='bbox 255 1938 313 1994; x_wconf 87' lang='lat' dir='ltr'><strong>tion</strong></span> <span class='ocrx_word' id='word_1_235' title='bbox 333 1940 414 2009; x_wconf 88' lang='lat' dir='ltr'><strong>igitur</strong></span> <span class='ocrx_word' id='word_1_236' title='bbox 432 1939 642 1995; x_wconf 83' lang='lat' dir='ltr'><strong>detrectandam</strong></span> <span class='ocrx_word' id='word_1_237' title='bbox 660 1947 701 1994; x_wconf 81' lang='lat' dir='ltr'><strong>est</strong></span> <span class='ocrx_word' id='word_1_238' title='bbox 719 1947 877 2001; x_wconf 87' lang='lat' dir='ltr'><strong>certamen,</strong></span> <span class='ocrx_word' id='word_1_239' title='bbox 897 1933 950 1991; x_wconf 84' lang='lat' dir='ltr'><strong>aon</strong></span> <span class='ocrx_word' id='word_1_240' title='bbox 1001 1946 1107 2003; x_wconf 83' lang='lat' dir='ltr'><strong>essent,</strong></span> <span class='ocrx_word' id='word_1_241' title='bbox 1122 1949 1150 1995; x_wconf 87' lang='lat' dir='ltr'><strong>et</strong></span> <span class='ocrx_word' id='word_1_242' title='bbox 1172 1953 1219 2008; x_wconf 88' lang='lat' dir='ltr'><strong>per</strong></span> <span class='ocrx_word' id='word_1_243' title='bbox 1237 1939 1330 1996; x_wconf 81' lang='lat' dir='ltr'><strong>lovem</strong></span> <span class='ocrx_word' id='word_1_244' title='bbox 1344 1942 1539 1999; x_wconf 85' lang='lat' dir='ltr'><strong>obsecraritut</strong></span> <span class='ocrx_word' id='word_1_245' title='bbox 1553 1944 1650 2001; x_wconf 84' lang='lat' dir='ltr'><strong>liceret</strong></span> <span class='ocrx_word' id='word_1_246' title='bbox 1663 1946 1717 2002; x_wconf 82' lang='lat' dir='ltr'><strong>sbi</strong></span> <span class='ocrx_word' id='word_1_247' title='bbox 1739 1956 1794 2004; x_wconf 82' lang='lat' dir='ltr'><strong>tuta</strong></span> 
     </span>
     <span class='ocr_line' id='line_1_31' title="bbox 157 2023 1791 2105; baseline 0.007 -21"><span class='ocrx_word' id='word_1_248' title='bbox 157 2031 322 2084; x_wconf 82' lang='lat' dir='ltr'><strong>recusandus</strong></span> <span class='ocrx_word' id='word_1_249' title='bbox 344 2030 430 2094; x_wconf 89' lang='lat' dir='ltr'><strong>tabor,</strong></span> <span class='ocrx_word' id='word_1_250' title='bbox 455 2045 509 2098; x_wconf 78' lang='lat' dir='ltr'><strong>nuo</strong></span> <span class='ocrx_word' id='word_1_251' title='bbox 532 2031 642 2085; x_wconf 86' lang='lat' dir='ltr'><strong>rirtmis</strong></span> <span class='ocrx_word' id='word_1_252' title='bbox 662 2039 691 2086; x_wconf 86' lang='lat' dir='ltr'><strong>et</strong></span> <span class='ocrx_word' id='word_1_253' title='bbox 713 2028 851 2099; x_wconf 84' lang='lat' dir='ltr'><strong>sapientia·</strong></span> <span class='ocrx_word' id='word_1_254' title='bbox 874 2028 952 2084; x_wconf 87' lang='lat' dir='ltr'><strong>nobis</strong></span> <span class='ocrx_word' id='word_1_255' title='bbox 1001 2023 1791 2105; x_wconf 76' lang='lat' dir='ltr'><strong>abire.tite&#39;varumparnerespoatear,marimeretorsu</strong></span> 
     </span>
     <span class='ocr_line' id='line_1_32' title="bbox 157 2106 878 2188; baseline -0.007 -14"><span class='ocrx_word' id='word_1_256' title='bbox 157 2120 270 2174; x_wconf 89' lang='lat' dir='ltr'><strong>materia</strong></span> <span class='ocrx_word' id='word_1_257' title='bbox 284 2113 452 2187; x_wconf 69' lang='lat' dir='ltr'><strong>suggeritur,</strong></span> <span class='ocrx_word' id='word_1_258' title='bbox 461 2106 545 2188; x_wconf 78' lang='lat' dir='ltr'><strong>irrata</strong></span> <span class='ocrx_word' id='word_1_259' title='bbox 555 2119 676 2188; x_wconf 83' lang='lat' dir='ltr'><strong>poeticos</strong></span> <span class='ocrx_word' id='word_1_260' title='bbox 690 2118 751 2172; x_wconf 83' lang='lat' dir='ltr'><strong>ilina</strong></span> <span class='ocrx_word' id='word_1_261' title='bbox 765 2128 878 2173; x_wconf 81' lang='lat' dir='ltr'><strong>uersus:</strong></span> 
     </span>
    </p>
   </div>
   <div class='ocr_carea' id='block_1_10' title="bbox 219 2208 904 2516">
    <p class='ocr_par' dir='ltr' id='par_1_11' title="bbox 220 2208 782 2271">
     <span class='ocr_line' id='line_1_33' title="bbox 220 2208 782 2271; baseline 0 -13"><span class='ocrx_word' id='word_1_262' title='bbox 220 2208 336 2271; x_wconf 64' lang='lat' dir='ltr'><strong>Osismis</strong></span> <span class='ocrx_word' id='word_1_263' title='bbox 347 2211 412 2257; x_wconf 83' lang='lat' dir='ltr'><strong>euim</strong></span> <span class='ocrx_word' id='word_1_264' title='bbox 424 2211 498 2258; x_wconf 84' lang='lat' dir='ltr'><strong>duros</strong></span> <span class='ocrx_word' id='word_1_265' title='bbox 505 2222 576 2259; x_wconf 87' lang='lat' dir='ltr'><strong>casus</strong></span> <span class='ocrx_word' id='word_1_266' title='bbox 590 2211 687 2260; x_wconf 78' lang='lat' dir='ltr'><strong>virttttis</strong></span> <span class='ocrx_word' id='word_1_267' title='bbox 697 2223 782 2258; x_wconf 88' lang='lat' dir='ltr'><strong>amore</strong></span> 
     </span>
    </p>

    <p class='ocr_par' dir='ltr' id='par_1_12' title="bbox 221 2270 851 2333">
     <span class='ocr_line' id='line_1_34' title="bbox 221 2270 851 2333; baseline -0.002 -14"><span class='ocrx_word' id='word_1_268' title='bbox 221 2271 325 2328; x_wconf 73' lang='lat' dir='ltr'><strong>licerii,</strong></span> <span class='ocrx_word' id='word_1_269' title='bbox 336 2270 381 2330; x_wconf 78' lang='lat' dir='ltr'><strong>itte</strong></span> <span class='ocrx_word' id='word_1_270' title='bbox 393 2272 440 2320; x_wconf 89' lang='lat' dir='ltr'><strong>sibi</strong></span> <span class='ocrx_word' id='word_1_271' title='bbox 451 2270 598 2333; x_wconf 76' lang='lat' dir='ltr'><strong>laudemque</strong></span> <span class='ocrx_word' id='word_1_272' title='bbox 606 2273 733 2332; x_wconf 85' lang='lat' dir='ltr'><strong>decusque</strong></span> <span class='ocrx_word' id='word_1_273' title='bbox 746 2271 851 2330; x_wconf 86' lang='lat' dir='ltr'><strong>parabit.</strong></span> 
     </span>
    </p>

    <p class='ocr_par' dir='ltr' id='par_1_13' title="bbox 219 2329 904 2516">
     <span class='ocr_line' id='line_1_35' title="bbox 220 2329 847 2394; baseline -0.006 -14"><span class='ocrx_word' id='word_1_274' title='bbox 220 2330 253 2380; x_wconf 73' lang='lat' dir='ltr'><strong>At</strong></span> <span class='ocrx_word' id='word_1_275' title='bbox 263 2332 305 2394; x_wconf 85' lang='lat' dir='ltr'><strong>qrai</strong></span> <span class='ocrx_word' id='word_1_276' title='bbox 314 2329 443 2391; x_wconf 76' lang='lat' dir='ltr'><strong>desidiam,</strong></span> <span class='ocrx_word' id='word_1_277' title='bbox 456 2331 589 2394; x_wconf 83' lang='lat' dir='ltr'><strong>lutumque.</strong></span> <span class='ocrx_word' id='word_1_278' title='bbox 601 2340 721 2392; x_wconf 78' lang='lat' dir='ltr'><strong>sequetur</strong></span> <span class='ocrx_word' id='word_1_279' title='bbox 732 2333 847 2394; x_wconf 82' lang='lat' dir='ltr'><strong>inertem,</strong></span> 
     </span>
     <span class='ocr_line' id='line_1_36' title="bbox 219 2391 811 2464; baseline -0.008 -23"><span class='ocrx_word' id='word_1_280' title='bbox 219 2391 284 2441; x_wconf 84' lang='lat' dir='ltr'><strong>Duru</strong></span> <span class='ocrx_word' id='word_1_281' title='bbox 296 2393 359 2464; x_wconf 84' lang='lat' dir='ltr'><strong>lugtt</strong></span> <span class='ocrx_word' id='word_1_282' title='bbox 370 2394 493 2454; x_wconf 77' lang='lat' dir='ltr'><strong>oppositos</strong></span> <span class='ocrx_word' id='word_1_283' title='bbox 504 2394 695 2441; x_wconf 69' lang='lat' dir='ltr'><strong>treantarneme</strong></span> <span class='ocrx_word' id='word_1_284' title='bbox 707 2391 811 2448; x_wconf 77' lang='lat' dir='ltr'><strong>latitares,</strong></span> 
     </span>
     <span class='ocr_line' id='line_1_37' title="bbox 219 2451 904 2516; baseline -0.003 -14"><span class='ocrx_word' id='word_1_285' title='bbox 219 2453 316 2516; x_wconf 76' lang='lat' dir='ltr'><strong>Turpis,</strong></span> <span class='ocrx_word' id='word_1_286' title='bbox 329 2466 449 2515; x_wconf 75' lang='lat' dir='ltr'><strong>inopsque</strong></span> <span class='ocrx_word' id='word_1_287' title='bbox 460 2451 531 2502; x_wconf 81' lang='lat' dir='ltr'><strong>sinaut</strong></span> <span class='ocrx_word' id='word_1_288' title='bbox 544 2457 576 2504; x_wconf 92' lang='lat' dir='ltr'><strong>mi</strong></span> <span class='ocrx_word' id='word_1_289' title='bbox 590 2452 685 2502; x_wconf 85' lang='lat' dir='ltr'><strong>erabte</strong></span> <span class='ocrx_word' id='word_1_290' title='bbox 695 2456 807 2514; x_wconf 76' lang='lat' dir='ltr'><strong>transigit</strong></span> <span class='ocrx_word' id='word_1_291' title='bbox 816 2465 904 2501; x_wconf 81' lang='lat' dir='ltr'><strong>aerum.</strong></span> 
     </span>
    </p>
   </div>
   <div class='ocr_carea' id='block_1_11' title="bbox 173 2534 950 2787">
    <p class='ocr_par' dir='ltr' id='par_1_14' title="bbox 173 2534 950 2787">
     <span class='ocr_line' id='line_1_38' title="bbox 173 2534 471 2606; baseline 0 -17"><span class='ocrx_word' id='word_1_292' title='bbox 173 2553 178 2559; x_wconf 88' lang='lat'><em>·</em></span> <span class='ocrx_word' id='word_1_293' title='bbox 194 2534 239 2589; x_wconf 81' lang='lat' dir='ltr'><strong>Bis</strong></span> <span class='ocrx_word' id='word_1_294' title='bbox 251 2535 346 2606; x_wconf 80' lang='lat' dir='ltr'><strong>prrinis]</strong></span> <span class='ocrx_word' id='word_1_295' title='bbox 364 2536 471 2590; x_wconf 83' lang='lat' dir='ltr'><strong>Decem.</strong></span> 
     </span>
     <span class='ocr_line' id='line_1_39' title="bbox 196 2623 665 2701; baseline -0.002 -22"><span class='ocrx_word' id='word_1_296' title='bbox 196 2623 283 2694; x_wconf 84' lang='lat' dir='ltr'><strong>llltar]</strong></span> <span class='ocrx_word' id='word_1_297' title='bbox 300 2624 401 2679; x_wconf 81' lang='lat' dir='ltr'><strong>illudes</strong></span> <span class='ocrx_word' id='word_1_298' title='bbox 414 2665 421 2690; x_wconf 91' lang='lat'><strong>,</strong></span> <span class='ocrx_word' id='word_1_299' title='bbox 436 2633 528 2701; x_wconf 88' lang='lat' dir='ltr'><strong>raptor</strong></span> <span class='ocrx_word' id='word_1_300' title='bbox 545 2623 665 2679; x_wconf 74' lang='lat' dir='ltr'><strong>licteus.</strong></span> 
     </span>
     <span class='ocr_line' id='line_1_40' title="bbox 196 2711 950 2787; baseline -0.004 -17"><span class='ocrx_word' id='word_1_301' title='bbox 196 2714 314 2787; x_wconf 80' lang='lat' dir='ltr'><strong>Atrides]</strong></span> <span class='ocrx_word' id='word_1_302' title='bbox 323 2719 506 2785; x_wconf 74' lang='lat' dir='ltr'><strong>Agamemnon</strong></span> <span class='ocrx_word' id='word_1_303' title='bbox 517 2715 591 2768; x_wconf 75' lang='lat' dir='ltr'><strong>ritrei</strong></span> <span class='ocrx_word' id='word_1_304' title='bbox 603 2713 682 2768; x_wconf 89' lang='lat' dir='ltr'><strong>iilius.</strong></span> <span class='ocrx_word' id='word_1_305' title='bbox 692 2711 817 2768; x_wconf 80' lang='lat' dir='ltr'><strong>limatius</strong></span> <span class='ocrx_word' id='word_1_306' title='bbox 829 2714 854 2768; x_wconf 93' lang='lat' dir='ltr'><strong>in</strong></span> <span class='ocrx_word' id='word_1_307' title='bbox 865 2713 950 2783; x_wconf 76' lang='lat' dir='ltr'><strong>Epist.</strong></span> 
     </span>
    </p>
   </div>
   <div class='ocr_carea' id='block_1_12' title="bbox 251 2801 779 2925">
    <p class='ocr_par' dir='ltr' id='par_1_15' title="bbox 251 2801 779 2925">
     <span class='ocr_line' id='line_1_41' title="bbox 404 2801 723 2864; baseline -0.006 -10"><span class='ocrx_word' id='word_1_308' title='bbox 404 2805 493 2854; x_wconf 84' lang='lat' dir='ltr'><strong>itesror</strong></span> <span class='ocrx_word' id='word_1_309' title='bbox 506 2816 654 2864; x_wconf 86' lang='lat' dir='ltr'><strong>eourponere</strong></span> <span class='ocrx_word' id='word_1_310' title='bbox 665 2801 723 2852; x_wconf 85' lang='lat' dir='ltr'><strong>lites</strong></span> 
     </span>
     <span class='ocr_line' id='line_1_42' title="bbox 251 2864 779 2925; baseline -0.002 -9"><span class='ocrx_word' id='word_1_311' title='bbox 251 2866 319 2917; x_wconf 89' lang='lat' dir='ltr'><strong>inter</strong></span> <span class='ocrx_word' id='word_1_312' title='bbox 331 2865 434 2916; x_wconf 80' lang='lat' dir='ltr'><strong>Peliden</strong></span> <span class='ocrx_word' id='word_1_313' title='bbox 445 2865 543 2915; x_wconf 75' lang='lat' dir='ltr'><strong>festinat</strong></span> <span class='ocrx_word' id='word_1_314' title='bbox 552 2873 578 2915; x_wconf 93' lang='lat' dir='ltr'><strong>et</strong></span> <span class='ocrx_word' id='word_1_315' title='bbox 590 2865 655 2914; x_wconf 92' lang='lat' dir='ltr'><strong>inter</strong></span> <span class='ocrx_word' id='word_1_316' title='bbox 667 2864 779 2925; x_wconf 66' lang='lat' dir='ltr'><strong>Atriden.</strong></span> 
     </span>
    </p>
   </div>
   <div class='ocr_carea' id='block_1_13' title="bbox 155 2946 950 4472">
    <p class='ocr_par' dir='ltr' id='par_1_16' title="bbox 194 2946 442 3020">
     <span class='ocr_line' id='line_1_43' title="bbox 194 2946 442 3020; baseline 0.004 -17"><span class='ocrx_word' id='word_1_317' title='bbox 194 2946 327 3020; x_wconf 75' lang='lat' dir='ltr'><strong>Pbrppiae]</strong></span> <span class='ocrx_word' id='word_1_318' title='bbox 342 2947 442 3017; x_wconf 82' lang='lat' dir='ltr'><strong>Trojae.</strong></span> 
     </span>
    </p>

    <p class='ocr_par' dir='ltr' id='par_1_17' title="bbox 194 3039 438 3112">
     <span class='ocr_line' id='line_1_44' title="bbox 194 3039 438 3112; baseline -0.012 -17"><span class='ocrx_word' id='word_1_319' title='bbox 194 3039 298 3112; x_wconf 82' lang='lat' dir='ltr'><strong>licinia]</strong></span> <span class='ocrx_word' id='word_1_320' title='bbox 315 3039 438 3094; x_wconf 83' lang='lat' dir='ltr'><strong>Excidio.</strong></span> 
     </span>
    </p>

    <p class='ocr_par' dir='ltr' id='par_1_18' title="bbox 192 3131 447 3203">
     <span class='ocr_line' id='line_1_45' title="bbox 192 3131 447 3203; baseline -0.008 -16"><span class='ocrx_word' id='word_1_321' title='bbox 192 3131 307 3203; x_wconf 79' lang='lat' dir='ltr'><strong>Fratris]</strong></span> <span class='ocrx_word' id='word_1_322' title='bbox 322 3131 447 3188; x_wconf 85' lang='lat' dir='ltr'><strong>ileue&#39;ai.</strong></span> 
     </span>
    </p>

    <p class='ocr_par' dir='ltr' id='par_1_19' title="bbox 156 3218 947 3386">
     <span class='ocr_line' id='line_1_46' title="bbox 193 3218 947 3294; baseline -0.008 -16"><span class='ocrx_word' id='word_1_323' title='bbox 193 3225 306 3279; x_wconf 76' lang='lat' dir='ltr'><strong>Arduos</strong></span> <span class='ocrx_word' id='word_1_324' title='bbox 329 3218 465 3294; x_wconf 78' lang='lat' dir='ltr'><strong>thalamos]</strong></span> <span class='ocrx_word' id='word_1_325' title='bbox 491 3221 616 3290; x_wconf 84' lang='lat' dir='ltr'><strong>Ereptum</strong></span> <span class='ocrx_word' id='word_1_326' title='bbox 640 3218 947 3293; x_wconf 18' lang='lat' dir='ltr'><strong>conjugemrllelcnam,</strong></span> 
     </span>
     <span class='ocr_line' id='line_1_47' title="bbox 156 3315 629 3386; baseline -0.015 -11"><span class='ocrx_word' id='word_1_327' title='bbox 156 3318 298 3375; x_wconf 82' lang='lat' dir='ltr'><strong>mulierum</strong></span> <span class='ocrx_word' id='word_1_328' title='bbox 313 3316 394 3386; x_wconf 88' lang='lat' dir='ltr'><strong>longe</strong></span> <span class='ocrx_word' id='word_1_329' title='bbox 409 3315 629 3385; x_wconf 87' lang='lat' dir='ltr'><strong>pulcherrimam.</strong></span> 
     </span>
    </p>

    <p class='ocr_par' dir='ltr' id='par_1_20' title="bbox 192 3406 546 3475">
     <span class='ocr_line' id='line_1_48' title="bbox 192 3406 546 3475; baseline -0.003 -14"><span class='ocrx_word' id='word_1_330' title='bbox 192 3406 287 3475; x_wconf 80' lang='lat' dir='ltr'><strong>Piouitl</strong></span> <span class='ocrx_word' id='word_1_331' title='bbox 302 3406 438 3475; x_wconf 83' lang='lat' dir='ltr'><strong>Purgavit.</strong></span> <span class='ocrx_word' id='word_1_332' title='bbox 453 3406 546 3460; x_wconf 84' lang='lat' dir='ltr'><strong>blare:</strong></span> 
     </span>
    </p>

    <p class='ocr_par' dir='ltr' id='par_1_21' title="bbox 250 3495 833 3557">
     <span class='ocr_line' id='line_1_49' title="bbox 250 3495 833 3557; baseline 0.002 -12"><span class='ocrx_word' id='word_1_333' title='bbox 250 3496 281 3545; x_wconf 87' lang='lat' dir='ltr'><strong>Et</strong></span> <span class='ocrx_word' id='word_1_334' title='bbox 292 3495 386 3557; x_wconf 90' lang='lat' dir='ltr'><strong>cuipam</strong></span> <span class='ocrx_word' id='word_1_335' title='bbox 398 3496 543 3544; x_wconf 85' lang='lat' dir='ltr'><strong>miserorum</strong></span> <span class='ocrx_word' id='word_1_336' title='bbox 555 3503 632 3546; x_wconf 86' lang='lat' dir='ltr'><strong>morte</strong></span> <span class='ocrx_word' id='word_1_337' title='bbox 645 3496 752 3557; x_wconf 85' lang='lat' dir='ltr'><strong>piabunt.</strong></span> <span class='ocrx_word' id='word_1_338' title='bbox 829 3509 833 3516; x_wconf 90' lang='lat'>·</span> 
     </span>
    </p>

    <p class='ocr_par' dir='ltr' id='par_1_22' title="bbox 156 3578 950 3931">
     <span class='ocr_line' id='line_1_50' title="bbox 156 3578 947 3656; baseline -0.004 -19"><span class='ocrx_word' id='word_1_339' title='bbox 156 3582 258 3638; x_wconf 77' lang='lat' dir='ltr'><strong>Sensim</strong></span> <span class='ocrx_word' id='word_1_340' title='bbox 272 3589 333 3644; x_wconf 90' lang='lat' dir='ltr'><strong>est,</strong></span> <span class='ocrx_word' id='word_1_341' title='bbox 351 3578 464 3648; x_wconf 87' lang='lat' dir='ltr'><strong>llaptum</strong></span> <span class='ocrx_word' id='word_1_342' title='bbox 481 3578 588 3635; x_wconf 81' lang='lat' dir='ltr'><strong>lleleuue</strong></span> <span class='ocrx_word' id='word_1_343' title='bbox 602 3594 682 3656; x_wconf 72' lang='lat' dir='ltr'><strong>optem</strong></span> <span class='ocrx_word' id='word_1_344' title='bbox 697 3578 858 3634; x_wconf 88' lang='lat' dir='ltr'><strong>libidinosus</strong></span> <span class='ocrx_word' id='word_1_345' title='bbox 873 3580 947 3634; x_wconf 85' lang='lat' dir='ltr'><strong>Paris</strong></span> 
     </span>
     <span class='ocr_line' id='line_1_51' title="bbox 160 3668 950 3743; baseline -0.006 -16"><span class='ocrx_word' id='word_1_346' title='bbox 160 3669 337 3743; x_wconf 84' lang='lat' dir='ltr'><strong>perpetravit,</strong></span> <span class='ocrx_word' id='word_1_347' title='bbox 350 3672 532 3741; x_wconf 75' lang='lat' dir='ltr'><strong>Agamemnon</strong></span> <span class='ocrx_word' id='word_1_348' title='bbox 545 3669 653 3724; x_wconf 89' lang='lat' dir='ltr'><strong>vindice</strong></span> <span class='ocrx_word' id='word_1_349' title='bbox 666 3668 737 3731; x_wconf 88' lang='lat' dir='ltr'><strong>bello</strong></span> <span class='ocrx_word' id='word_1_350' title='bbox 746 3678 774 3724; x_wconf 90' lang='lat' dir='ltr'><strong>et</strong></span> <span class='ocrx_word' id='word_1_351' title='bbox 787 3668 874 3737; x_wconf 75' lang='lat' dir='ltr'><strong>Troia</strong></span> <span class='ocrx_word' id='word_1_352' title='bbox 884 3669 950 3722; x_wconf 88' lang='lat' dir='ltr'><strong>anb-</strong></span> 
     </span>
     <span class='ocr_line' id='line_1_52' title="bbox 156 3761 949 3833; baseline -0.003 -15"><span class='ocrx_word' id='word_1_353' title='bbox 156 3765 280 3820; x_wconf 80' lang='lat' dir='ltr'><strong>versione</strong></span> <span class='ocrx_word' id='word_1_354' title='bbox 301 3763 435 3833; x_wconf 84' lang='lat' dir='ltr'><strong>purgavit.</strong></span> <span class='ocrx_word' id='word_1_355' title='bbox 456 3761 563 3818; x_wconf 85' lang='lat' dir='ltr'><strong>scelera</strong></span> <span class='ocrx_word' id='word_1_356' title='bbox 583 3761 654 3816; x_wconf 87' lang='lat' dir='ltr'><strong>euim</strong></span> <span class='ocrx_word' id='word_1_357' title='bbox 670 3761 787 3817; x_wconf 88' lang='lat' dir='ltr'><strong>uindicta</strong></span> <span class='ocrx_word' id='word_1_358' title='bbox 803 3769 949 3832; x_wconf 78' lang='lat' dir='ltr'><strong>purgamur</strong></span> 
     </span>
     <span class='ocr_line' id='line_1_53' title="bbox 157 3855 751 3931; baseline -0.01 -20"><span class='ocrx_word' id='word_1_359' title='bbox 157 3855 380 3922; x_wconf 82' lang='lat' dir='ltr'><strong>entolinnturque.</strong></span> <span class='ocrx_word' id='word_1_360' title='bbox 746 3921 751 3931; x_wconf 34' lang='grc' dir='ltr'>Ι</span> 
     </span>
    </p>

    <p class='ocr_par' dir='ltr' id='par_1_23' title="bbox 155 3939 947 4472">
     <span class='ocr_line' id='line_1_54' title="bbox 191 3939 946 4013; baseline -0.003 -16"><span class='ocrx_word' id='word_1_361' title='bbox 191 3943 459 4013; x_wconf 70' lang='lat' dir='ltr'><strong>ittetngamemnon.</strong></span> <span class='ocrx_word' id='word_1_362' title='bbox 476 3941 525 3998; x_wconf 88' lang='lat' dir='ltr'><strong>ilic</strong></span> <span class='ocrx_word' id='word_1_363' title='bbox 537 3941 571 3997; x_wconf 81' lang='lat' dir='ltr'><strong>at</strong></span> <span class='ocrx_word' id='word_1_364' title='bbox 587 3940 687 3997; x_wconf 88' lang='lat' dir='ltr'><strong>betium</strong></span> <span class='ocrx_word' id='word_1_365' title='bbox 703 3939 849 4011; x_wconf 80' lang='lat' dir='ltr'><strong>Troianum</strong></span> <span class='ocrx_word' id='word_1_366' title='bbox 864 3940 946 4010; x_wconf 81' lang='lat' dir='ltr'><strong>prola-</strong></span> 
     </span>
     <span class='ocr_line' id='line_1_55' title="bbox 155 4031 946 4104; baseline -0.014 -9"><span class='ocrx_word' id='word_1_367' title='bbox 155 4041 275 4104; x_wconf 88' lang='lat' dir='ltr'><strong>ciscens,</strong></span> <span class='ocrx_word' id='word_1_368' title='bbox 293 4050 354 4091; x_wconf 92' lang='lat' dir='ltr'><strong>cum</strong></span> <span class='ocrx_word' id='word_1_369' title='bbox 370 4035 440 4102; x_wconf 89' lang='lat' dir='ltr'><strong>apud</strong></span> <span class='ocrx_word' id='word_1_370' title='bbox 452 4033 574 4089; x_wconf 73' lang='lat' dir='ltr'><strong>Aulidem</strong></span> <span class='ocrx_word' id='word_1_371' title='bbox 589 4032 708 4103; x_wconf 85' lang='lat' dir='ltr'><strong>reliquos</strong></span> <span class='ocrx_word' id='word_1_372' title='bbox 721 4031 833 4089; x_wconf 68' lang='lat' dir='ltr'><strong>Gracile</strong></span> <span class='ocrx_word' id='word_1_373' title='bbox 847 4031 946 4102; x_wconf 87' lang='lat' dir='ltr'><strong>princi-</strong></span> 
     </span>
     <span class='ocr_line' id='line_1_56' title="bbox 156 4110 946 4200; baseline -0.008 -15"><span class='ocrx_word' id='word_1_374' title='bbox 156 4142 204 4200; x_wconf 87' lang='lat' dir='ltr'><strong>pes</strong></span> <span class='ocrx_word' id='word_1_375' title='bbox 222 4133 408 4197; x_wconf 77' lang='lat' dir='ltr'><strong>exspectaret,</strong></span> <span class='ocrx_word' id='word_1_376' title='bbox 430 4122 587 4192; x_wconf 83' lang='lat' dir='ltr'><strong>imprudens</strong></span> <span class='ocrx_word' id='word_1_377' title='bbox 602 4124 692 4178; x_wconf 74' lang='lat' dir='ltr'><strong>titanae</strong></span> <span class='ocrx_word' id='word_1_378' title='bbox 713 4110 819 4178; x_wconf 83' lang='lat' dir='ltr'><strong>cervam</strong></span> <span class='ocrx_word' id='word_1_379' title='bbox 838 4123 946 4179; x_wconf 89' lang='lat' dir='ltr'><strong>occidit.</strong></span> 
     </span>
     <span class='ocr_line' id='line_1_57' title="bbox 155 4213 946 4290; baseline -0.01 -14"><span class='ocrx_word' id='word_1_380' title='bbox 155 4221 243 4290; x_wconf 76' lang='lat' dir='ltr'><strong>Quare</strong></span> <span class='ocrx_word' id='word_1_381' title='bbox 257 4218 306 4275; x_wconf 89' lang='lat' dir='ltr'><strong>dea</strong></span> <span class='ocrx_word' id='word_1_382' title='bbox 321 4219 407 4283; x_wconf 91' lang='lat' dir='ltr'><strong>irata,</strong></span> <span class='ocrx_word' id='word_1_383' title='bbox 422 4215 448 4268; x_wconf 91' lang='lat' dir='ltr'><strong>in</strong></span> <span class='ocrx_word' id='word_1_384' title='bbox 466 4223 564 4267; x_wconf 89' lang='lat' dir='ltr'><strong>tantam</strong></span> <span class='ocrx_word' id='word_1_385' title='bbox 581 4220 767 4282; x_wconf 83' lang='lat' dir='ltr'><strong>tempestatem</strong></span> <span class='ocrx_word' id='word_1_386' title='bbox 787 4227 860 4268; x_wconf 91' lang='lat' dir='ltr'><strong>mare</strong></span> <span class='ocrx_word' id='word_1_387' title='bbox 872 4213 946 4268; x_wconf 82' lang='lat' dir='ltr'><strong>cavi·</strong></span> 
     </span>
     <span class='ocr_line' id='line_1_58' title="bbox 156 4295 947 4381; baseline -0.015 -13"><span class='ocrx_word' id='word_1_388' title='bbox 156 4313 238 4381; x_wconf 85' lang='lat' dir='ltr'><strong>tavit,</strong></span> <span class='ocrx_word' id='word_1_389' title='bbox 254 4319 283 4365; x_wconf 92' lang='lat' dir='ltr'><strong>ut</strong></span> <span class='ocrx_word' id='word_1_390' title='bbox 295 4307 450 4365; x_wconf 78' lang='lat' dir='ltr'><strong>Graecorum</strong></span> <span class='ocrx_word' id='word_1_391' title='bbox 464 4301 557 4358; x_wconf 78' lang='lat' dir='ltr'><strong>elassis</strong></span> <span class='ocrx_word' id='word_1_392' title='bbox 576 4301 639 4357; x_wconf 87' lang='lat' dir='ltr'><strong>inde</strong></span> <span class='ocrx_word' id='word_1_393' title='bbox 656 4295 795 4357; x_wconf 79' lang='lat' dir='ltr'><strong>discedere</strong></span> <span class='ocrx_word' id='word_1_394' title='bbox 814 4317 866 4356; x_wconf 88' lang='lat' dir='ltr'><strong>non</strong></span> <span class='ocrx_word' id='word_1_395' title='bbox 884 4317 947 4372; x_wconf 86' lang='lat' dir='ltr'><strong>pos·</strong></span> 
     </span>
     <span class='ocr_line' id='line_1_59' title="bbox 157 4392 945 4472; baseline -0.015 -10"><span class='ocrx_word' id='word_1_396' title='bbox 157 4415 205 4462; x_wconf 90' lang='lat' dir='ltr'><strong>ret.</strong></span> <span class='ocrx_word' id='word_1_397' title='bbox 227 4405 292 4460; x_wconf 83' lang='lat' dir='ltr'><strong>cum</strong></span> <span class='ocrx_word' id='word_1_398' title='bbox 312 4410 401 4462; x_wconf 86' lang='lat' dir='ltr'><strong>autem</strong></span> <span class='ocrx_word' id='word_1_399' title='bbox 420 4396 500 4452; x_wconf 89' lang='lat' dir='ltr'><strong>etiam</strong></span> <span class='ocrx_word' id='word_1_400' title='bbox 520 4405 594 4472; x_wconf 86' lang='lat' dir='ltr'><strong>peste</strong></span> <span class='ocrx_word' id='word_1_401' title='bbox 614 4392 786 4462; x_wconf 80' lang='lat' dir='ltr'><strong>laborarent,</strong></span> <span class='ocrx_word' id='word_1_402' title='bbox 806 4394 945 4450; x_wconf 87' lang='lat' dir='ltr'><strong>consultus</strong></span> 
     </span>
    </p>
   </div>
   <div class='ocr_carea' id='block_1_14' title="bbox 1000 2119 1792 2564">
    <p class='ocr_par' dir='ltr' id='par_1_24' title="bbox 1000 2119 1792 2564">
     <span class='ocr_line' id='line_1_60' title="bbox 1001 2119 1792 2196; baseline 0.018 -24"><span class='ocrx_word' id='word_1_403' title='bbox 1001 2119 1089 2185; x_wconf 78' lang='lat' dir='ltr'><strong>divit,</strong></span> <span class='ocrx_word' id='word_1_404' title='bbox 1106 2119 1229 2190; x_wconf 74' lang='lat' dir='ltr'><strong>drmupne</strong></span> <span class='ocrx_word' id='word_1_405' title='bbox 1243 2136 1278 2177; x_wconf 83' lang='lat' dir='ltr'><strong>ea</strong></span> <span class='ocrx_word' id='word_1_406' title='bbox 1294 2124 1437 2179; x_wconf 80' lang='lat' dir='ltr'><strong>corrutione</strong></span> <span class='ocrx_word' id='word_1_407' title='bbox 1451 2124 1555 2196; x_wconf 68' lang='lat' dir='ltr'><strong>tityrus</strong></span> <span class='ocrx_word' id='word_1_408' title='bbox 1567 2122 1792 2195; x_wconf 74' lang='lat' dir='ltr'><strong>apprehendens,</strong></span> 
     </span>
     <span class='ocr_line' id='line_1_61' title="bbox 1001 2208 1792 2287; baseline 0.014 -22"><span class='ocrx_word' id='word_1_409' title='bbox 1001 2210 1054 2265; x_wconf 86' lang='lat' dir='ltr'><strong>ritu</strong></span> <span class='ocrx_word' id='word_1_410' title='bbox 1072 2208 1132 2265; x_wconf 88' lang='lat' dir='ltr'><strong>lere</strong></span> <span class='ocrx_word' id='word_1_411' title='bbox 1145 2214 1297 2269; x_wconf 74' lang='lat' dir='ltr'><strong>immaniter</strong></span> <span class='ocrx_word' id='word_1_412' title='bbox 1308 2212 1466 2284; x_wconf 86' lang='lat' dir='ltr'><strong>devorarit,</strong></span> <span class='ocrx_word' id='word_1_413' title='bbox 1482 2216 1648 2287; x_wconf 71' lang='lat' dir='ltr'><strong>totidemque</strong></span> <span class='ocrx_word' id='word_1_414' title='bbox 1663 2219 1792 2287; x_wconf 73' lang='lat' dir='ltr'><strong>postridie</strong></span> 
     </span>
     <span class='ocr_line' id='line_1_62' title="bbox 1000 2295 1792 2378; baseline 0.019 -24"><span class='ocrx_word' id='word_1_415' title='bbox 1000 2300 1147 2370; x_wconf 79' lang='lat' dir='ltr'><strong>absumpsit</strong></span> <span class='ocrx_word' id='word_1_416' title='bbox 1171 2295 1256 2370; x_wconf 86' lang='lat' dir='ltr'><strong>prima</strong></span> <span class='ocrx_word' id='word_1_417' title='bbox 1279 2299 1359 2358; x_wconf 86' lang='lat' dir='ltr'><strong>luce:</strong></span> <span class='ocrx_word' id='word_1_418' title='bbox 1383 2306 1452 2361; x_wconf 89' lang='lat' dir='ltr'><strong>idem</strong></span> <span class='ocrx_word' id='word_1_419' title='bbox 1474 2308 1554 2362; x_wconf 89' lang='lat' dir='ltr'><strong>etiam</strong></span> <span class='ocrx_word' id='word_1_420' title='bbox 1581 2311 1692 2378; x_wconf 82' lang='lat' dir='ltr'><strong>vesperi</strong></span> <span class='ocrx_word' id='word_1_421' title='bbox 1717 2311 1792 2368; x_wconf 79' lang='lat' dir='ltr'><strong>lacit.</strong></span> 
     </span>
     <span class='ocr_line' id='line_1_63' title="bbox 1001 2390 1791 2468; baseline 0.019 -24"><span class='ocrx_word' id='word_1_422' title='bbox 1001 2390 1180 2457; x_wconf 78' lang='lat' dir='ltr'><strong>Quamobrem</strong></span> <span class='ocrx_word' id='word_1_423' title='bbox 1195 2391 1305 2464; x_wconf 71' lang='lat' dir='ltr'><strong>ulysses</strong></span> <span class='ocrx_word' id='word_1_424' title='bbox 1320 2395 1370 2450; x_wconf 83' lang='lat' dir='ltr'><strong>sibi</strong></span> <span class='ocrx_word' id='word_1_425' title='bbox 1385 2397 1437 2467; x_wconf 78' lang='lat' dir='ltr'><strong>iam</strong></span> <span class='ocrx_word' id='word_1_426' title='bbox 1449 2406 1479 2453; x_wconf 89' lang='lat' dir='ltr'><strong>et</strong></span> <span class='ocrx_word' id='word_1_427' title='bbox 1492 2400 1602 2468; x_wconf 68' lang='lat' dir='ltr'><strong>vulgaris</strong></span> <span class='ocrx_word' id='word_1_428' title='bbox 1616 2403 1735 2468; x_wconf 85' lang='lat' dir='ltr'><strong>timens,</strong></span> <span class='ocrx_word' id='word_1_429' title='bbox 1748 2418 1791 2458; x_wconf 91' lang='lat' dir='ltr'><strong>ca·</strong></span> 
     </span>
     <span class='ocr_line' id='line_1_64' title="bbox 1001 2485 1792 2564; baseline 0.016 -29"><span class='ocrx_word' id='word_1_430' title='bbox 1001 2485 1063 2536; x_wconf 89' lang='lat' dir='ltr'><strong>dum</strong></span> <span class='ocrx_word' id='word_1_431' title='bbox 1087 2485 1181 2554; x_wconf 90' lang='lat' dir='ltr'><strong>optimi</strong></span> <span class='ocrx_word' id='word_1_432' title='bbox 1207 2486 1279 2555; x_wconf 83' lang='lat' dir='ltr'><strong>utari,</strong></span> <span class='ocrx_word' id='word_1_433' title='bbox 1303 2486 1373 2555; x_wconf 81' lang='lat' dir='ltr'><strong>quod</strong></span> <span class='ocrx_word' id='word_1_434' title='bbox 1396 2502 1487 2543; x_wconf 87' lang='lat' dir='ltr'><strong>secum</strong></span> <span class='ocrx_word' id='word_1_435' title='bbox 1509 2491 1606 2546; x_wconf 89' lang='lat' dir='ltr'><strong>tulerat</strong></span> <span class='ocrx_word' id='word_1_436' title='bbox 1625 2491 1792 2564; x_wconf 64' lang='lat' dir='ltr'><strong>Polypheme</strong></span> 
     </span>
    </p>
   </div>
   <div class='ocr_carea' id='block_1_15' title="bbox 880 2567 1790 2647">
    <p class='ocr_par' dir='ltr' id='par_1_25' title="bbox 880 2567 1790 2647">
     <span class='ocr_line' id='line_1_65' title="bbox 880 2567 1790 2647; baseline 0.02 -25"><span class='ocrx_word' id='word_1_437' title='bbox 880 2601 888 2615; x_wconf 84' lang='lat'>-</span> <span class='ocrx_word' id='word_1_438' title='bbox 1000 2573 1115 2639; x_wconf 88' lang='lat' dir='ltr'><strong>obtulit,</strong></span> <span class='ocrx_word' id='word_1_439' title='bbox 1131 2567 1207 2629; x_wconf 89' lang='lat' dir='ltr'><strong>et&#39;ut</strong></span> <span class='ocrx_word' id='word_1_440' title='bbox 1226 2576 1277 2630; x_wconf 86' lang='lat' dir='ltr'><strong>sibi</strong></span> <span class='ocrx_word' id='word_1_441' title='bbox 1293 2578 1442 2635; x_wconf 75' lang='lat' dir='ltr'><strong>acroteria</strong></span> <span class='ocrx_word' id='word_1_442' title='bbox 1464 2592 1602 2647; x_wconf 86' lang='lat' dir='ltr'><strong>parceret,</strong></span> <span class='ocrx_word' id='word_1_443' title='bbox 1626 2584 1790 2640; x_wconf 73' lang='lat' dir='ltr'><strong>obsecrauit.</strong></span> 
     </span>
    </p>
   </div>
   <div class='ocr_carea' id='block_1_16' title="bbox 1000 2663 1791 3106">
    <p class='ocr_par' dir='ltr' id='par_1_26' title="bbox 1000 2663 1791 3106">
     <span class='ocr_line' id='line_1_66' title="bbox 1001 2663 1790 2743; baseline 0.016 -25"><span class='ocrx_word' id='word_1_444' title='bbox 1001 2664 1077 2731; x_wconf 86' lang='lat' dir='ltr'><strong>Quod</strong></span> <span class='ocrx_word' id='word_1_445' title='bbox 1091 2663 1205 2736; x_wconf 79' lang='lat' dir='ltr'><strong>Cyclops</strong></span> <span class='ocrx_word' id='word_1_446' title='bbox 1225 2683 1255 2723; x_wconf 85' lang='lat' dir='ltr'><strong>se</strong></span> <span class='ocrx_word' id='word_1_447' title='bbox 1274 2668 1406 2725; x_wconf 86' lang='lat' dir='ltr'><strong>iacturum</strong></span> <span class='ocrx_word' id='word_1_448' title='bbox 1421 2674 1559 2743; x_wconf 77' lang='lat' dir='ltr'><strong>promisit,</strong></span> <span class='ocrx_word' id='word_1_449' title='bbox 1582 2675 1604 2728; x_wconf 86' lang='lat' dir='ltr'><strong>si</strong></span> <span class='ocrx_word' id='word_1_450' title='bbox 1627 2690 1722 2730; x_wconf 84' lang='lat' dir='ltr'><strong>rursus</strong></span> <span class='ocrx_word' id='word_1_451' title='bbox 1740 2676 1790 2731; x_wconf 86' lang='lat' dir='ltr'><strong>ribi</strong></span> 
     </span>
     <span class='ocr_line' id='line_1_67' title="bbox 1000 2756 1791 2835; baseline 0.016 -27"><span class='ocrx_word' id='word_1_452' title='bbox 1000 2756 1091 2810; x_wconf 70' lang='lat' dir='ltr'><strong>vinnam</strong></span> <span class='ocrx_word' id='word_1_453' title='bbox 1114 2757 1234 2813; x_wconf 87' lang='lat' dir='ltr'><strong>ollerret.</strong></span> <span class='ocrx_word' id='word_1_454' title='bbox 1258 2760 1464 2832; x_wconf 71' lang='lat' dir='ltr'><strong>vitiato-itaque</strong></span> <span class='ocrx_word' id='word_1_455' title='bbox 1484 2767 1563 2819; x_wconf 80' lang='lat' dir='ltr'><strong>tertia</strong></span> <span class='ocrx_word' id='word_1_456' title='bbox 1584 2767 1677 2835; x_wconf 87' lang='lat' dir='ltr'><strong>poento</strong></span> <span class='ocrx_word' id='word_1_457' title='bbox 1696 2777 1791 2821; x_wconf 80' lang='lat' dir='ltr'><strong>mente</strong></span> 
     </span>
     <span class='ocr_line' id='line_1_68' title="bbox 1001 2839 1791 2928; baseline 0.016 -28"><span class='ocrx_word' id='word_1_458' title='bbox 1001 2847 1150 2918; x_wconf 86' lang='lat' dir='ltr'><strong>alienatus,</strong></span> <span class='ocrx_word' id='word_1_459' title='bbox 1172 2851 1198 2904; x_wconf 93' lang='lat' dir='ltr'><strong>in</strong></span> <span class='ocrx_word' id='word_1_460' title='bbox 1219 2839 1309 2919; x_wconf 82' lang='lat' dir='ltr'><strong>medio</strong></span> <span class='ocrx_word' id='word_1_461' title='bbox 1332 2865 1410 2911; x_wconf 90' lang='lat' dir='ltr'><strong>antro</strong></span> <span class='ocrx_word' id='word_1_462' title='bbox 1434 2840 1550 2912; x_wconf 90' lang='lat' dir='ltr'><strong>immane</strong></span> <span class='ocrx_word' id='word_1_463' title='bbox 1569 2871 1669 2928; x_wconf 85' lang='lat' dir='ltr'><strong>empus</strong></span> <span class='ocrx_word' id='word_1_464' title='bbox 1689 2858 1791 2913; x_wconf 88' lang='lat' dir='ltr'><strong>dormi·</strong></span> 
     </span>
     <span class='ocr_line' id='line_1_69' title="bbox 1003 2944 1790 3020; baseline 0.014 -25"><span class='ocrx_word' id='word_1_465' title='bbox 1003 2952 1077 3009; x_wconf 82' lang='lat' dir='ltr'><strong>turus</strong></span> <span class='ocrx_word' id='word_1_466' title='bbox 1097 2944 1229 2999; x_wconf 83' lang='lat' dir='ltr'><strong>esterrdit.</strong></span> <span class='ocrx_word' id='word_1_467' title='bbox 1252 2946 1327 3001; x_wconf 89' lang='lat' dir='ltr'><strong>llnnc</strong></span> <span class='ocrx_word' id='word_1_468' title='bbox 1345 2948 1426 3017; x_wconf 74' lang='lat' dir='ltr'><strong>igitur</strong></span> <span class='ocrx_word' id='word_1_469' title='bbox 1442 2947 1552 3020; x_wconf 60' lang='lat' dir='ltr'><strong>[liparea</strong></span> <span class='ocrx_word' id='word_1_470' title='bbox 1565 2952 1626 3005; x_wconf 86' lang='lat' dir='ltr'><strong>rino</strong></span> <span class='ocrx_word' id='word_1_471' title='bbox 1642 2965 1790 3017; x_wconf 75' lang='lat' dir='ltr'><strong>somnoque</strong></span> 
     </span>
     <span class='ocr_line' id='line_1_70' title="bbox 1001 3034 1790 3106; baseline 0.013 -20"><span class='ocrx_word' id='word_1_472' title='bbox 1001 3034 1134 3104; x_wconf 87' lang='lat' dir='ltr'><strong>sepultum</strong></span> <span class='ocrx_word' id='word_1_473' title='bbox 1153 3035 1388 3106; x_wconf 74' lang='lat' dir='ltr'><strong>animadvertens,</strong></span> <span class='ocrx_word' id='word_1_474' title='bbox 1414 3041 1534 3094; x_wconf 89' lang='lat' dir='ltr'><strong>immiso</strong></span> <span class='ocrx_word' id='word_1_475' title='bbox 1554 3040 1581 3096; x_wconf 91' lang='lat' dir='ltr'><strong>ln</strong></span> <span class='ocrx_word' id='word_1_476' title='bbox 1607 3043 1722 3096; x_wconf 83' lang='lat' dir='ltr'><strong>oculum</strong></span> <span class='ocrx_word' id='word_1_477' title='bbox 1738 3042 1790 3096; x_wconf 76' lang='lat' dir='ltr'><strong>telo</strong></span> 
     </span>
    </p>
   </div>
   <div class='ocr_carea' id='block_1_17' title="bbox 965 3127 1789 3205">
    <p class='ocr_par' dir='ltr' id='par_1_27' title="bbox 965 3127 1789 3205">
     <span class='ocr_line' id='line_1_71' title="bbox 965 3127 1789 3205; baseline 0.007 -26"><span class='ocrx_word' id='word_1_478' title='bbox 965 3139 988 3205; x_wconf 77' lang='lat' dir='ltr'><strong>c</strong></span> <span class='ocrx_word' id='word_1_479' title='bbox 1002 3128 1156 3181; x_wconf 77' lang='lat' dir='ltr'><strong>excaecarit.</strong></span> <span class='ocrx_word' id='word_1_480' title='bbox 1172 3127 1223 3182; x_wconf 83' lang='lat' dir='ltr'><strong>Sed</strong></span> <span class='ocrx_word' id='word_1_481' title='bbox 1238 3144 1385 3199; x_wconf 78' lang='lat' dir='ltr'><strong>exurgens</strong></span> <span class='ocrx_word' id='word_1_482' title='bbox 1398 3133 1502 3187; x_wconf 83' lang='lat' dir='ltr'><strong>tarrtem</strong></span> <span class='ocrx_word' id='word_1_483' title='bbox 1513 3130 1628 3203; x_wconf 84' lang='lat' dir='ltr'><strong>Cyclops</strong></span> <span class='ocrx_word' id='word_1_484' title='bbox 1638 3173 1646 3196; x_wconf 89' lang='lat'><strong>,</strong></span> <span class='ocrx_word' id='word_1_485' title='bbox 1657 3146 1718 3187; x_wconf 90' lang='lat' dir='ltr'><strong>cum</strong></span> <span class='ocrx_word' id='word_1_486' title='bbox 1732 3145 1789 3200; x_wconf 78' lang='lat' dir='ltr'><strong>ape</strong></span> 
     </span>
    </p>
   </div>
   <div class='ocr_carea' id='block_1_18' title="bbox 999 3216 1789 3655">
    <p class='ocr_par' dir='ltr' id='par_1_28' title="bbox 999 3216 1789 3655">
     <span class='ocr_line' id='line_1_72' title="bbox 1001 3216 1789 3290; baseline 0.008 -19"><span class='ocrx_word' id='word_1_487' title='bbox 1001 3216 1134 3273; x_wconf 87' lang='lat' dir='ltr'><strong>rireautri</strong></span> <span class='ocrx_word' id='word_1_488' title='bbox 1145 3220 1243 3273; x_wconf 88' lang='lat' dir='ltr'><strong>ostium</strong></span> <span class='ocrx_word' id='word_1_489' title='bbox 1258 3221 1382 3289; x_wconf 74' lang='lat' dir='ltr'><strong>gregibus</strong></span> <span class='ocrx_word' id='word_1_490' title='bbox 1394 3233 1546 3290; x_wconf 82' lang='lat' dir='ltr'><strong>cogeretur,</strong></span> <span class='ocrx_word' id='word_1_491' title='bbox 1558 3223 1704 3279; x_wconf 80' lang='lat' dir='ltr'><strong>irnnunem</strong></span> <span class='ocrx_word' id='word_1_492' title='bbox 1717 3226 1789 3277; x_wconf 81' lang='lat' dir='ltr'><strong>asin·</strong></span> 
     </span>
     <span class='ocr_line' id='line_1_73' title="bbox 1000 3309 1788 3382; baseline 0.003 -16"><span class='ocrx_word' id='word_1_493' title='bbox 1000 3311 1034 3366; x_wconf 92' lang='lat' dir='ltr'><strong>de</strong></span> <span class='ocrx_word' id='word_1_494' title='bbox 1049 3309 1163 3379; x_wconf 87' lang='lat' dir='ltr'><strong>lapidem</strong></span> <span class='ocrx_word' id='word_1_495' title='bbox 1184 3313 1302 3377; x_wconf 89' lang='lat' dir='ltr'><strong>amovit,</strong></span> <span class='ocrx_word' id='word_1_496' title='bbox 1324 3322 1507 3367; x_wconf 77' lang='lat' dir='ltr'><strong>verumtamen</strong></span> <span class='ocrx_word' id='word_1_497' title='bbox 1525 3324 1656 3368; x_wconf 75' lang='lat' dir='ltr'><strong>cassantes</strong></span> <span class='ocrx_word' id='word_1_498' title='bbox 1675 3312 1788 3382; x_wconf 82' lang='lat' dir='ltr'><strong>pecudes</strong></span> 
     </span>
     <span class='ocr_line' id='line_1_74' title="bbox 1000 3401 1788 3474; baseline 0.005 -19"><span class='ocrx_word' id='word_1_499' title='bbox 1000 3401 1124 3455; x_wconf 86' lang='lat' dir='ltr'><strong>manibus</strong></span> <span class='ocrx_word' id='word_1_500' title='bbox 1137 3401 1270 3472; x_wconf 84' lang='lat' dir='ltr'><strong>palpabat.</strong></span> <span class='ocrx_word' id='word_1_501' title='bbox 1283 3401 1359 3469; x_wconf 86' lang='lat' dir='ltr'><strong>Quod</strong></span> <span class='ocrx_word' id='word_1_502' title='bbox 1372 3416 1432 3457; x_wconf 84' lang='lat' dir='ltr'><strong>cunr</strong></span> <span class='ocrx_word' id='word_1_503' title='bbox 1448 3402 1558 3474; x_wconf 75' lang='lat' dir='ltr'><strong>Ulysses</strong></span> <span class='ocrx_word' id='word_1_504' title='bbox 1571 3417 1634 3458; x_wconf 87' lang='lat' dir='ltr'><strong>eum</strong></span> <span class='ocrx_word' id='word_1_505' title='bbox 1648 3403 1788 3460; x_wconf 81' lang='lat' dir='ltr'><strong>oossitibst</strong></span> 
     </span>
     <span class='ocr_line' id='line_1_75' title="bbox 999 3484 1789 3563; baseline 0 -18"><span class='ocrx_word' id='word_1_506' title='bbox 999 3491 1248 3558; x_wconf 85' lang='lat' dir='ltr'><strong>anirnadvertisset,</strong></span> <span class='ocrx_word' id='word_1_507' title='bbox 1261 3493 1486 3562; x_wconf 88' lang='lat' dir='ltr'><strong>indutipeeudum</strong></span> <span class='ocrx_word' id='word_1_508' title='bbox 1501 3484 1592 3562; x_wconf 87' lang='lat' dir='ltr'><strong>pelles,</strong></span> <span class='ocrx_word' id='word_1_509' title='bbox 1605 3492 1722 3563; x_wconf 81' lang='lat' dir='ltr'><strong>Cyclops</strong></span> <span class='ocrx_word' id='word_1_510' title='bbox 1735 3507 1789 3548; x_wconf 85' lang='lat' dir='ltr'><strong>uta·</strong></span> 
     </span>
     <span class='ocr_line' id='line_1_76' title="bbox 999 3581 1745 3655; baseline 0.003 -19"><span class='ocrx_word' id='word_1_511' title='bbox 999 3597 1049 3636; x_wconf 80' lang='lat' dir='ltr'><strong>nus</strong></span> <span class='ocrx_word' id='word_1_512' title='bbox 1063 3581 1190 3654; x_wconf 83' lang='lat' dir='ltr'><strong>cb&#39;rrgere.</strong></span> <span class='ocrx_word' id='word_1_513' title='bbox 1205 3583 1276 3652; x_wconf 67' lang='lat' dir='ltr'><strong>Lege</strong></span> <span class='ocrx_word' id='word_1_514' title='bbox 1286 3583 1429 3640; x_wconf 81' lang='lat' dir='ltr'><strong>Homerum</strong></span> <span class='ocrx_word' id='word_1_515' title='bbox 1441 3585 1509 3639; x_wconf 89' lang='lat' dir='ltr'><strong>libro</strong></span> <span class='ocrx_word' id='word_1_516' title='bbox 1519 3584 1648 3655; x_wconf 66' lang='lat' dir='ltr'><strong>Odyssea</strong></span> <span class='ocrx_word' id='word_1_517' title='bbox 1661 3599 1745 3640; x_wconf 86' lang='lat' dir='ltr'><strong>nono.</strong></span> 
     </span>
    </p>
   </div>
   <div class='ocr_carea' id='block_1_19' title="bbox 997 3688 1839 4504">
    <p class='ocr_par' dir='ltr' id='par_1_29' title="bbox 998 3688 1786 4134">
     <span class='ocr_line' id='line_1_77' title="bbox 1035 3688 1786 3767; baseline 0.004 -20"><span class='ocrx_word' id='word_1_518' title='bbox 1035 3693 1184 3767; x_wconf 79' lang='lat' dir='ltr'><strong>Herculem]</strong></span> <span class='ocrx_word' id='word_1_519' title='bbox 1200 3695 1329 3751; x_wconf 89' lang='lat' dir='ltr'><strong>llereules</strong></span> <span class='ocrx_word' id='word_1_520' title='bbox 1342 3697 1416 3752; x_wconf 85' lang='lat' dir='ltr'><strong>loris</strong></span> <span class='ocrx_word' id='word_1_521' title='bbox 1435 3705 1463 3752; x_wconf 88' lang='lat' dir='ltr'><strong>et</strong></span> <span class='ocrx_word' id='word_1_522' title='bbox 1476 3697 1610 3752; x_wconf 76' lang='lat' dir='ltr'><strong>Alcmena.</strong></span> <span class='ocrx_word' id='word_1_523' title='bbox 1630 3697 1700 3751; x_wconf 89' lang='lat' dir='ltr'><strong>titius</strong></span> <span class='ocrx_word' id='word_1_524' title='bbox 1719 3688 1786 3764; x_wconf 86' lang='lat' dir='ltr'><strong>luit,</strong></span> 
     </span>
     <span class='ocr_line' id='line_1_78' title="bbox 999 3787 1786 3859; baseline -0.004 -16"><span class='ocrx_word' id='word_1_525' title='bbox 999 3787 1044 3859; x_wconf 80' lang='lat' dir='ltr'><strong>qui</strong></span> <span class='ocrx_word' id='word_1_526' title='bbox 1059 3787 1156 3842; x_wconf 89' lang='lat' dir='ltr'><strong>robore</strong></span> <span class='ocrx_word' id='word_1_527' title='bbox 1178 3803 1210 3843; x_wconf 94' lang='lat' dir='ltr'><strong>ac</strong></span> <span class='ocrx_word' id='word_1_528' title='bbox 1232 3788 1388 3843; x_wconf 87' lang='lat' dir='ltr'><strong>tortitudine</strong></span> <span class='ocrx_word' id='word_1_529' title='bbox 1409 3788 1515 3857; x_wconf 75' lang='lat' dir='ltr'><strong>caeteris</strong></span> <span class='ocrx_word' id='word_1_530' title='bbox 1536 3788 1689 3843; x_wconf 87' lang='lat' dir='ltr'><strong>troruinitma</strong></span> <span class='ocrx_word' id='word_1_531' title='bbox 1707 3797 1786 3858; x_wconf 87' lang='lat' dir='ltr'><strong>supra</strong></span> 
     </span>
     <span class='ocr_line' id='line_1_79' title="bbox 998 3869 1786 3950; baseline -0.001 -16"><span class='ocrx_word' id='word_1_532' title='bbox 998 3895 1078 3950; x_wconf 89' lang='lat' dir='ltr'><strong>quam</strong></span> <span class='ocrx_word' id='word_1_533' title='bbox 1090 3879 1217 3935; x_wconf 88' lang='lat' dir='ltr'><strong>credibile</strong></span> <span class='ocrx_word' id='word_1_534' title='bbox 1227 3888 1284 3943; x_wconf 84' lang='lat' dir='ltr'><strong>est,</strong></span> <span class='ocrx_word' id='word_1_535' title='bbox 1297 3876 1431 3948; x_wconf 81' lang='lat' dir='ltr'><strong>praeitis.</strong></span> <span class='ocrx_word' id='word_1_536' title='bbox 1449 3880 1533 3948; x_wconf 77' lang='lat' dir='ltr'><strong>liuius</strong></span> <span class='ocrx_word' id='word_1_537' title='bbox 1547 3869 1625 3934; x_wconf 81' lang='lat' dir='ltr'><strong>varim</strong></span> <span class='ocrx_word' id='word_1_538' title='bbox 1644 3893 1688 3933; x_wconf 87' lang='lat' dir='ltr'><strong>res</strong></span> <span class='ocrx_word' id='word_1_539' title='bbox 1706 3888 1786 3948; x_wconf 78' lang='lat' dir='ltr'><strong>gesta</strong></span> 
     </span>
     <span class='ocr_line' id='line_1_80' title="bbox 998 3968 1786 4040; baseline -0.001 -14"><span class='ocrx_word' id='word_1_540' title='bbox 998 3970 1168 4026; x_wconf 86' lang='lat' dir='ltr'><strong>traduntura</strong></span> <span class='ocrx_word' id='word_1_541' title='bbox 1183 3970 1298 4027; x_wconf 86' lang='lat' dir='ltr'><strong>tiiodoro</strong></span> <span class='ocrx_word' id='word_1_542' title='bbox 1313 3971 1413 4038; x_wconf 87' lang='lat' dir='ltr'><strong>Siculo,</strong></span> <span class='ocrx_word' id='word_1_543' title='bbox 1428 3972 1533 4037; x_wconf 87' lang='lat' dir='ltr'><strong>ttridio,</strong></span> <span class='ocrx_word' id='word_1_544' title='bbox 1546 3970 1650 4028; x_wconf 83' lang='lat' dir='ltr'><strong>Seneca</strong></span> <span class='ocrx_word' id='word_1_545' title='bbox 1663 3968 1786 4040; x_wconf 80' lang='lat' dir='ltr'><strong>Tragico,</strong></span> 
     </span>
     <span class='ocr_line' id='line_1_81' title="bbox 998 4062 1652 4134; baseline 0.005 -17"><span class='ocrx_word' id='word_1_546' title='bbox 998 4062 1109 4118; x_wconf 82' lang='lat' dir='ltr'><strong>Nicolao</strong></span> <span class='ocrx_word' id='word_1_547' title='bbox 1126 4066 1232 4120; x_wconf 75' lang='lat' dir='ltr'><strong>berotto</strong></span> <span class='ocrx_word' id='word_1_548' title='bbox 1246 4067 1272 4119; x_wconf 93' lang='lat' dir='ltr'><strong>iu</strong></span> <span class='ocrx_word' id='word_1_549' title='bbox 1286 4066 1478 4134; x_wconf 79' lang='lat' dir='ltr'><strong>Cornucopiat,</strong></span> <span class='ocrx_word' id='word_1_550' title='bbox 1493 4077 1520 4121; x_wconf 85' lang='lat' dir='ltr'><strong>et</strong></span> <span class='ocrx_word' id='word_1_551' title='bbox 1534 4067 1652 4121; x_wconf 75' lang='lat' dir='ltr'><strong>ceteris.</strong></span> 
     </span>
    </p>

    <p class='ocr_par' dir='ltr' id='par_1_30' title="bbox 997 4153 1839 4406">
     <span class='ocr_line' id='line_1_82' title="bbox 1016 4153 1786 4227; baseline -0.001 -18"><span class='ocrx_word' id='word_1_552' title='bbox 1016 4154 1101 4209; x_wconf 82' lang='lat' dir='ltr'><strong>&#39;llari</strong></span> <span class='ocrx_word' id='word_1_553' title='bbox 1114 4154 1224 4226; x_wconf 75' lang='lat' dir='ltr'><strong>trina]</strong></span> <span class='ocrx_word' id='word_1_554' title='bbox 1239 4155 1361 4211; x_wconf 90' lang='lat' dir='ltr'><strong>licrenlei</strong></span> <span class='ocrx_word' id='word_1_555' title='bbox 1379 4157 1483 4211; x_wconf 87' lang='lat' dir='ltr'><strong>iabores</strong></span> <span class='ocrx_word' id='word_1_556' title='bbox 1497 4154 1701 4227; x_wconf 75' lang='lat' dir='ltr'><strong>pararerbiatiter</strong></span> <span class='ocrx_word' id='word_1_557' title='bbox 1713 4153 1786 4209; x_wconf 87' lang='lat' dir='ltr'><strong>cele·</strong></span> 
     </span>
     <span class='ocr_line' id='line_1_83' title="bbox 998 4245 1839 4316; baseline 0.002 -15"><span class='ocrx_word' id='word_1_558' title='bbox 998 4245 1119 4312; x_wconf 86' lang='lat' dir='ltr'><strong>bruatur,</strong></span> <span class='ocrx_word' id='word_1_559' title='bbox 1135 4246 1170 4301; x_wconf 89' lang='lat' dir='ltr'><strong>de</strong></span> <span class='ocrx_word' id='word_1_560' title='bbox 1183 4262 1236 4316; x_wconf 83' lang='lat' dir='ltr'><strong>quo</strong></span> <span class='ocrx_word' id='word_1_561' title='bbox 1250 4258 1340 4301; x_wconf 87' lang='lat' dir='ltr'><strong>noster</strong></span> <span class='ocrx_word' id='word_1_562' title='bbox 1355 4247 1481 4302; x_wconf 83' lang='lat' dir='ltr'><strong>Erasmus</strong></span> <span class='ocrx_word' id='word_1_563' title='bbox 1495 4246 1601 4302; x_wconf 82' lang='lat' dir='ltr'><strong>abrande</strong></span> <span class='ocrx_word' id='word_1_564' title='bbox 1622 4246 1785 4316; x_wconf 77' lang='lat' dir='ltr'><strong>tidngiornut</strong></span> <span class='ocrx_word' id='word_1_565' title='bbox 1829 4291 1839 4303; x_wconf 91' lang='lat'><strong>.</strong></span> 
     </span>
     <span class='ocr_line' id='line_1_84' title="bbox 997 4337 1494 4406; baseline 0.002 -14"><span class='ocrx_word' id='word_1_566' title='bbox 997 4337 1113 4393; x_wconf 86' lang='lat' dir='ltr'><strong>chiliade</strong></span> <span class='ocrx_word' id='word_1_567' title='bbox 1128 4338 1225 4402; x_wconf 90' lang='lat' dir='ltr'><strong>tertia,</strong></span> <span class='ocrx_word' id='word_1_568' title='bbox 1241 4339 1383 4405; x_wconf 80' lang='lat' dir='ltr'><strong>prouerbio</strong></span> <span class='ocrx_word' id='word_1_569' title='bbox 1398 4339 1494 4406; x_wconf 89' lang='lat' dir='ltr'><strong>primo.</strong></span> 
     </span>
    </p>

    <p class='ocr_par' dir='ltr' id='par_1_31' title="bbox 1034 4430 1785 4504">
     <span class='ocr_line' id='line_1_85' title="bbox 1034 4430 1785 4504; baseline -0.001 -16"><span class='ocrx_word' id='word_1_570' title='bbox 1034 4430 1185 4504; x_wconf 83' lang='lat' dir='ltr'><strong>Cerrtauroa]</strong></span> <span class='ocrx_word' id='word_1_571' title='bbox 1205 4431 1236 4486; x_wconf 93' lang='lat' dir='ltr'><strong>lli</strong></span> <span class='ocrx_word' id='word_1_572' title='bbox 1255 4431 1363 4486; x_wconf 88' lang='lat' dir='ltr'><strong>luerunt</strong></span> <span class='ocrx_word' id='word_1_573' title='bbox 1376 4431 1497 4488; x_wconf 83' lang='lat' dir='ltr'><strong>Ttresaaii</strong></span> <span class='ocrx_word' id='word_1_574' title='bbox 1511 4446 1543 4486; x_wconf 82' lang='lat' dir='ltr'><strong>ea</strong></span> <span class='ocrx_word' id='word_1_575' title='bbox 1559 4430 1689 4496; x_wconf 86' lang='lat' dir='ltr'><strong>auteriori</strong></span> <span class='ocrx_word' id='word_1_576' title='bbox 1712 4441 1785 4502; x_wconf 85' lang='lat' dir='ltr'><strong>parte</strong></span> 
     </span>
    </p>
   </div>
   <div class='ocr_carea' id='block_1_20' title="bbox 153 4490 1786 4593">
    <p class='ocr_par' dir='ltr' id='par_1_32' title="bbox 153 4490 1786 4593">
     <span class='ocr_line' id='line_1_86' title="bbox 153 4490 1786 4593; baseline 0.004 -25"><span class='ocrx_word' id='word_1_577' title='bbox 153 4501 286 4567; x_wconf 60' lang='lat' dir='ltr'><strong>&amp;leima</strong></span> <span class='ocrx_word' id='word_1_578' title='bbox 306 4495 462 4566; x_wconf 62' lang='lat' dir='ltr'><strong>¹⁰⁵P⁰¹¹dli²</strong></span> <span class='ocrx_word' id='word_1_579' title='bbox 479 4491 569 4546; x_wconf 64' lang='lat' dir='ltr'><strong>mm</strong></span> <span class='ocrx_word' id='word_1_580' title='bbox 584 4490 649 4544; x_wconf 54' lang='lat' dir='ltr'><strong>imm</strong></span> <span class='ocrx_word' id='word_1_581' title='bbox 668 4490 865 4560; x_wconf 57' lang='grc' dir='ltr'><strong>ΑΨΜΜῙΟ</strong></span> <span class='ocrx_word' id='word_1_582' title='bbox 884 4505 943 4544; x_wconf 67' lang='lat' dir='ltr'><strong>“m&#39;</strong></span> <span class='ocrx_word' id='word_1_583' title='bbox 957 4503 982 4565; x_wconf 67' lang='grc' dir='ltr'><strong>υ</strong></span> <span class='ocrx_word' id='word_1_584' title='bbox 997 4525 1047 4581; x_wconf 87' lang='lat' dir='ltr'><strong>viri</strong></span> <span class='ocrx_word' id='word_1_585' title='bbox 1059 4539 1115 4592; x_wconf 84' lang='lat' dir='ltr'><strong>,es</strong></span> <span class='ocrx_word' id='word_1_586' title='bbox 1131 4523 1274 4593; x_wconf 86' lang='lat' dir='ltr'><strong>posteriori</strong></span> <span class='ocrx_word' id='word_1_587' title='bbox 1293 4523 1363 4592; x_wconf 82' lang='lat' dir='ltr'><strong>eqrri.</strong></span> <span class='ocrx_word' id='word_1_588' title='bbox 1381 4522 1507 4577; x_wconf 87' lang='lat' dir='ltr'><strong>llercuies</strong></span> <span class='ocrx_word' id='word_1_589' title='bbox 1524 4522 1633 4591; x_wconf 87' lang='lat' dir='ltr'><strong>optabat</strong></span> <span class='ocrx_word' id='word_1_590' title='bbox 1648 4535 1725 4577; x_wconf 86' lang='lat' dir='ltr'><strong>eoae</strong></span> <span class='ocrx_word' id='word_1_591' title='bbox 1740 4521 1786 4577; x_wconf 79' lang='lat' dir='ltr'><strong>Pe·</strong></span> 
     </span>
    </p>
   </div>
   <div class='ocr_carea' id='block_1_21' title="bbox 156 4580 944 4758">
    <p class='ocr_par' dir='ltr' id='par_1_33' title="bbox 156 4580 944 4758">
     <span class='ocr_line' id='line_1_87' title="bbox 156 4580 944 4671; baseline -0.02 -19"><span class='ocrx_word' id='word_1_592' title='bbox 156 4597 230 4668; x_wconf 78' lang='lat' dir='ltr'><strong>putare</strong></span> <span class='ocrx_word' id='word_1_593' title='bbox 247 4608 300 4648; x_wconf 79' lang='lat' dir='ltr'><strong>esre</strong></span> <span class='ocrx_word' id='word_1_594' title='bbox 319 4586 484 4659; x_wconf 81' lang='lat' dir='ltr'><strong>placandum.</strong></span> <span class='ocrx_word' id='word_1_595' title='bbox 500 4582 618 4637; x_wconf 82' lang='lat' dir='ltr'><strong>&#39;landem</strong></span> <span class='ocrx_word' id='word_1_596' title='bbox 641 4581 721 4653; x_wconf 86' lang='lat' dir='ltr'><strong>igitur</strong></span> <span class='ocrx_word' id='word_1_597' title='bbox 736 4580 944 4671; x_wconf 70' lang='lat' dir='ltr'><strong>Agamemnonis</strong></span> 
     </span>
     <span class='ocr_line' id='line_1_88' title="bbox 156 4673 943 4758; baseline -0.015 -20"><span class='ocrx_word' id='word_1_598' title='bbox 156 4699 260 4758; x_wconf 70' lang='lat' dir='ltr'><strong>garoque</strong></span> <span class='ocrx_word' id='word_1_599' title='bbox 274 4695 408 4737; x_wconf 88' lang='lat' dir='ltr'><strong>consensu</strong></span> <span class='ocrx_word' id='word_1_600' title='bbox 420 4673 534 4732; x_wconf 89' lang='lat' dir='ltr'><strong>adducta</strong></span> <span class='ocrx_word' id='word_1_601' title='bbox 554 4674 709 4745; x_wconf 84' lang='lat' dir='ltr'><strong>lpbigcnia,</strong></span> <span class='ocrx_word' id='word_1_602' title='bbox 726 4683 753 4730; x_wconf 89' lang='lat' dir='ltr'><strong>et</strong></span> <span class='ocrx_word' id='word_1_603' title='bbox 766 4682 879 4737; x_wconf 81' lang='lat' dir='ltr'><strong>mactata</strong></span> <span class='ocrx_word' id='word_1_604' title='bbox 893 4680 943 4728; x_wconf 88' lang='lat' dir='ltr'><strong>est.</strong></span> 
     </span>
    </p>
   </div>
   <div class='ocr_carea' id='block_1_22' title="bbox 157 4765 633 4846">
    <p class='ocr_par' dir='ltr' id='par_1_34' title="bbox 157 4765 633 4846">
     <span class='ocr_line' id='line_1_89' title="bbox 157 4765 633 4846; baseline -0.025 -15"><span class='ocrx_word' id='word_1_605' title='bbox 157 4774 251 4846; x_wconf 69' lang='lat' dir='ltr'><strong>virgil.</strong></span> <span class='ocrx_word' id='word_1_606' title='bbox 267 4770 398 4829; x_wconf 81' lang='lat' dir='ltr'><strong>AEneidos</strong></span> <span class='ocrx_word' id='word_1_607' title='bbox 411 4767 484 4824; x_wconf 55' lang='lat' dir='ltr'><strong>libro¹</strong></span> <span class='ocrx_word' id='word_1_608' title='bbox 493 4765 611 4821; x_wconf 87' lang='lat' dir='ltr'><strong>secundo</strong></span> <span class='ocrx_word' id='word_1_609' title='bbox 625 4781 633 4818; x_wconf 85' lang='lat' dir='ltr'><strong>a</strong></span> 
     </span>
    </p>
   </div>
   <div class='ocr_carea' id='block_1_23' title="bbox 166 4856 806 4986">
    <p class='ocr_par' dir='ltr' id='par_1_35' title="bbox 166 4856 806 4986">
     <span class='ocr_line' id='line_1_90' title="bbox 218 4856 802 4927; baseline -0.019 -11"><span class='ocrx_word' id='word_1_610' title='bbox 218 4865 343 4927; x_wconf 85' lang='lat' dir='ltr'><strong>Sanguine</strong></span> <span class='ocrx_word' id='word_1_611' title='bbox 358 4859 469 4923; x_wconf 90' lang='lat' dir='ltr'><strong>placastis</strong></span> <span class='ocrx_word' id='word_1_612' title='bbox 481 4864 567 4908; x_wconf 88' lang='lat' dir='ltr'><strong>reatos</strong></span> <span class='ocrx_word' id='word_1_613' title='bbox 580 4863 605 4907; x_wconf 87' lang='lat' dir='ltr'><strong>et</strong></span> <span class='ocrx_word' id='word_1_614' title='bbox 615 4856 712 4909; x_wconf 80' lang='lat' dir='ltr'><strong>viretne</strong></span> <span class='ocrx_word' id='word_1_615' title='bbox 722 4867 785 4906; x_wconf 75' lang='lat' dir='ltr'><strong>caesa</strong></span> <span class='ocrx_word' id='word_1_616' title='bbox 795 4892 802 4912; x_wconf 94' lang='lat'><strong>,</strong></span> 
     </span>
     <span class='ocr_line' id='line_1_91' title="bbox 166 4917 806 4986; baseline -0.019 -8"><span class='ocrx_word' id='word_1_617' title='bbox 166 4924 168 4929; x_wconf 84' lang='lat'>&#39;</span> <span class='ocrx_word' id='word_1_618' title='bbox 216 4927 279 4978; x_wconf 85' lang='lat' dir='ltr'><strong>Cum</strong></span> <span class='ocrx_word' id='word_1_619' title='bbox 295 4927 398 4986; x_wconf 87' lang='lat' dir='ltr'><strong>primum</strong></span> <span class='ocrx_word' id='word_1_620' title='bbox 411 4921 497 4970; x_wconf 85' lang='lat' dir='ltr'><strong>tttacas</strong></span> <span class='ocrx_word' id='word_1_621' title='bbox 506 4918 581 4967; x_wconf 87' lang='lat' dir='ltr'><strong>bauai</strong></span> <span class='ocrx_word' id='word_1_622' title='bbox 590 4918 695 4967; x_wconf 86' lang='lat' dir='ltr'><strong>veniatis</strong></span> <span class='ocrx_word' id='word_1_623' title='bbox 704 4917 734 4967; x_wconf 86' lang='lat' dir='ltr'><strong>ad</strong></span> <span class='ocrx_word' id='word_1_624' title='bbox 744 4929 806 4967; x_wconf 90' lang='lat' dir='ltr'><strong>oras.</strong></span> 
     </span>
    </p>
   </div>
   <div class='ocr_carea' id='block_1_24' title="bbox 156 4995 944 5791">
    <p class='ocr_par' dir='ltr' id='par_1_36' title="bbox 156 4995 944 5791">
     <span class='ocr_line' id='line_1_92' title="bbox 156 4995 944 5078; baseline -0.019 -12"><span class='ocrx_word' id='word_1_625' title='bbox 156 5011 206 5067; x_wconf 82' lang='lat' dir='ltr'><strong>stit</strong></span> <span class='ocrx_word' id='word_1_626' title='bbox 218 5006 324 5062; x_wconf 89' lang='lat' dir='ltr'><strong>tradunt</strong></span> <span class='ocrx_word' id='word_1_627' title='bbox 336 5001 500 5072; x_wconf 86' lang='lat' dir='ltr'><strong>tpbigcniam</strong></span> <span class='ocrx_word' id='word_1_628' title='bbox 514 5013 528 5050; x_wconf 93' lang='lat' dir='ltr'><strong>a</strong></span> <span class='ocrx_word' id='word_1_629' title='bbox 544 4998 626 5053; x_wconf 82' lang='lat' dir='ltr'><strong>litana</strong></span> <span class='ocrx_word' id='word_1_630' title='bbox 641 4998 723 5078; x_wconf 77' lang='lat' dir='ltr'><strong>luisse</strong></span> <span class='ocrx_word' id='word_1_631' title='bbox 733 4996 866 5052; x_wconf 82' lang='lat' dir='ltr'><strong>sacerdoti</strong></span> <span class='ocrx_word' id='word_1_632' title='bbox 878 4995 944 5053; x_wconf 74' lang='lat' dir='ltr'><strong>aab</strong></span> 
     </span>
     <span class='ocr_line' id='line_1_93' title="bbox 156 5086 868 5170; baseline -0.025 -13"><span class='ocrx_word' id='word_1_633' title='bbox 156 5110 275 5170; x_wconf 77' lang='lat' dir='ltr'><strong>septam,</strong></span> <span class='ocrx_word' id='word_1_634' title='bbox 289 5110 320 5149; x_wconf 90' lang='lat' dir='ltr'><strong>ac</strong></span> <span class='ocrx_word' id='word_1_635' title='bbox 334 5093 406 5149; x_wconf 81' lang='lat' dir='ltr'><strong>itttm</strong></span> <span class='ocrx_word' id='word_1_636' title='bbox 421 5091 480 5144; x_wconf 89' lang='lat' dir='ltr'><strong>inco</strong></span> <span class='ocrx_word' id='word_1_637' title='bbox 494 5103 601 5142; x_wconf 88' lang='lat' dir='ltr'><strong>cervam</strong></span> <span class='ocrx_word' id='word_1_638' title='bbox 615 5086 792 5158; x_wconf 88' lang='lat' dir='ltr'><strong>suppositam.</strong></span> <span class='ocrx_word' id='word_1_639' title='bbox 863 5095 868 5104; x_wconf 90' lang='lat'>·</span> 
     </span>
     <span class='ocr_line' id='line_1_94' title="bbox 190 5177 679 5256; baseline -0.027 -10"><span class='ocrx_word' id='word_1_640' title='bbox 190 5189 275 5246; x_wconf 85' lang='lat' dir='ltr'><strong>Graioe</strong></span> <span class='ocrx_word' id='word_1_641' title='bbox 289 5181 375 5256; x_wconf 84' lang='lat' dir='ltr'><strong>cluast&#39;]</strong></span> <span class='ocrx_word' id='word_1_642' title='bbox 388 5178 542 5238; x_wconf 69' lang='lat' dir='ltr'><strong>Groecort&#39;ttu</strong></span> <span class='ocrx_word' id='word_1_643' title='bbox 556 5177 679 5234; x_wconf 77' lang='lat' dir='ltr'><strong>naribus.</strong></span> 
     </span>
     <span class='ocr_line' id='line_1_95' title="bbox 192 5274 410 5348; baseline -0.037 -11"><span class='ocrx_word' id='word_1_644' title='bbox 192 5274 315 5348; x_wconf 84' lang='lat' dir='ltr'><strong>Redemit]</strong></span> <span class='ocrx_word' id='word_1_645' title='bbox 330 5275 410 5330; x_wconf 79' lang='lat' dir='ltr'><strong>litult.</strong></span> 
     </span>
     <span class='ocr_line' id='line_1_96' title="bbox 194 5364 588 5441; baseline -0.02 -15"><span class='ocrx_word' id='word_1_646' title='bbox 194 5368 297 5441; x_wconf 74' lang='lat' dir='ltr'><strong>Venturi</strong></span> <span class='ocrx_word' id='word_1_647' title='bbox 315 5364 430 5423; x_wconf 86' lang='lat' dir='ltr'><strong>Subaudi</strong></span> <span class='ocrx_word' id='word_1_648' title='bbox 444 5376 588 5436; x_wconf 65' lang='lat' dir='ltr'><strong>prumtis.</strong></span> 
     </span>
     <span class='ocr_line' id='line_1_97' title="bbox 189 5451 588 5534; baseline -0.018 -15"><span class='ocrx_word' id='word_1_649' title='bbox 189 5458 295 5534; x_wconf 74' lang='lat' dir='ltr'><strong>cruore]</strong></span> <span class='ocrx_word' id='word_1_650' title='bbox 308 5457 443 5529; x_wconf 64' lang='lat' dir='ltr'><strong>maraine</strong></span> <span class='ocrx_word' id='word_1_651' title='bbox 457 5451 519 5513; x_wconf 81' lang='lat' dir='ltr'><strong>illias</strong></span> <span class='ocrx_word' id='word_1_652' title='bbox 532 5470 588 5512; x_wconf 74' lang='lat' dir='ltr'><strong>arte</strong></span> 
     </span>
     <span class='ocr_line' id='line_1_98' title="bbox 163 5538 433 5623; baseline -0.011 -17"><span class='ocrx_word' id='word_1_653' title='bbox 163 5538 170 5552; x_wconf 58' lang='lat'><strong>⁹</strong></span> <span class='ocrx_word' id='word_1_654' title='bbox 190 5550 281 5623; x_wconf 74' lang='lat' dir='ltr'><strong>Exuit}</strong></span> <span class='ocrx_word' id='word_1_655' title='bbox 297 5549 433 5619; x_wconf 83' lang='lat' dir='ltr'><strong>Deposuit.</strong></span> 
     </span>
     <span class='ocr_line' id='line_1_99' title="bbox 189 5637 831 5711; baseline -0.008 -15"><span class='ocrx_word' id='word_1_656' title='bbox 189 5639 304 5711; x_wconf 79' lang='lat' dir='ltr'><strong>Patrem]</strong></span> <span class='ocrx_word' id='word_1_657' title='bbox 323 5640 462 5696; x_wconf 80' lang='lat' dir='ltr'><strong>Paternum</strong></span> <span class='ocrx_word' id='word_1_658' title='bbox 475 5638 612 5710; x_wconf 82' lang='lat' dir='ltr'><strong>pietatem.</strong></span> <span class='ocrx_word' id='word_1_659' title='bbox 631 5637 676 5694; x_wconf 89' lang='lat' dir='ltr'><strong>Sic</strong></span> <span class='ocrx_word' id='word_1_660' title='bbox 692 5637 781 5693; x_wconf 83' lang='lat' dir='ltr'><strong>liaeo·</strong></span> <span class='ocrx_word' id='word_1_661' title='bbox 825 5646 831 5654; x_wconf 87' lang='grc'><em>·</em></span> 
     </span>
     <span class='ocr_line' id='line_1_100' title="bbox 247 5728 692 5791; baseline 0 -11"><span class='ocrx_word' id='word_1_662' title='bbox 247 5731 377 5790; x_wconf 82' lang='lat' dir='ltr'><strong>Postquam</strong></span> <span class='ocrx_word' id='word_1_663' title='bbox 388 5731 507 5790; x_wconf 86' lang='lat' dir='ltr'><strong>pietatem</strong></span> <span class='ocrx_word' id='word_1_664' title='bbox 516 5728 612 5791; x_wconf 74' lang='lat' dir='ltr'><strong>publica</strong></span> <span class='ocrx_word' id='word_1_665' title='bbox 619 5740 692 5780; x_wconf 83' lang='lat' dir='ltr'><strong>cauas</strong></span> 
     </span>
    </p>
   </div>
   <div class='ocr_carea' id='block_1_25' title="bbox 995 4610 1786 5046">
    <p class='ocr_par' dir='ltr' id='par_1_37' title="bbox 995 4610 1786 5046">
     <span class='ocr_line' id='line_1_101' title="bbox 996 4610 1785 4683; baseline -0.01 -11"><span class='ocrx_word' id='word_1_666' title='bbox 996 4618 1038 4672; x_wconf 87' lang='lat' dir='ltr'><strong>leo</strong></span> <span class='ocrx_word' id='word_1_667' title='bbox 1052 4624 1141 4671; x_wconf 89' lang='lat' dir='ltr'><strong>monte</strong></span> <span class='ocrx_word' id='word_1_668' title='bbox 1155 4615 1306 4682; x_wconf 84' lang='lat' dir='ltr'><strong>depellere,</strong></span> <span class='ocrx_word' id='word_1_669' title='bbox 1322 4614 1368 4667; x_wconf 86' lang='lat' dir='ltr'><strong>seri</strong></span> <span class='ocrx_word' id='word_1_670' title='bbox 1384 4614 1441 4683; x_wconf 89' lang='lat' dir='ltr'><strong>ipse</strong></span> <span class='ocrx_word' id='word_1_671' title='bbox 1456 4611 1527 4682; x_wconf 84' lang='lat' dir='ltr'><strong>prior</strong></span> <span class='ocrx_word' id='word_1_672' title='bbox 1542 4610 1670 4682; x_wconf 83' lang='lat' dir='ltr'><strong>irrjnstum</strong></span> <span class='ocrx_word' id='word_1_673' title='bbox 1685 4610 1785 4666; x_wconf 89' lang='lat' dir='ltr'><strong>betium</strong></span> 
     </span>
     <span class='ocr_line' id='line_1_102' title="bbox 996 4702 1786 4774; baseline -0.009 -13"><span class='ocrx_word' id='word_1_674' title='bbox 996 4706 1103 4762; x_wconf 81' lang='lat' dir='ltr'><strong>nolebat</strong></span> <span class='ocrx_word' id='word_1_675' title='bbox 1127 4705 1238 4760; x_wconf 85' lang='lat' dir='ltr'><strong>inlerre.</strong></span> <span class='ocrx_word' id='word_1_676' title='bbox 1267 4703 1376 4759; x_wconf 75' lang='lat' dir='ltr'><strong>(Iuravit</strong></span> <span class='ocrx_word' id='word_1_677' title='bbox 1398 4703 1478 4774; x_wconf 91' lang='lat' dir='ltr'><strong>igitur</strong></span> <span class='ocrx_word' id='word_1_678' title='bbox 1500 4717 1515 4757; x_wconf 83' lang='lat' dir='ltr'><strong>a</strong></span> <span class='ocrx_word' id='word_1_679' title='bbox 1538 4702 1622 4756; x_wconf 70' lang='lat' dir='ltr'><strong>Pholo</strong></span> <span class='ocrx_word' id='word_1_680' title='bbox 1642 4714 1786 4772; x_wconf 81' lang='lat' dir='ltr'><strong>susceptus</strong></span> 
     </span>
     <span class='ocr_line' id='line_1_103' title="bbox 996 4798 1784 4869; baseline -0.009 -13"><span class='ocrx_word' id='word_1_681' title='bbox 996 4800 1123 4869; x_wconf 87' lang='lat' dir='ltr'><strong>bospitio,</strong></span> <span class='ocrx_word' id='word_1_682' title='bbox 1141 4809 1169 4856; x_wconf 89' lang='lat' dir='ltr'><strong>ut</strong></span> <span class='ocrx_word' id='word_1_683' title='bbox 1190 4799 1405 4866; x_wconf 72' lang='lat' dir='ltr'><strong>prestantissimi</strong></span> <span class='ocrx_word' id='word_1_684' title='bbox 1425 4798 1479 4854; x_wconf 92' lang='lat' dir='ltr'><strong>vini</strong></span> <span class='ocrx_word' id='word_1_685' title='bbox 1500 4798 1583 4854; x_wconf 88' lang='lat' dir='ltr'><strong>cadus</strong></span> <span class='ocrx_word' id='word_1_686' title='bbox 1605 4808 1784 4867; x_wconf 84' lang='lat' dir='ltr'><strong>promeretur.</strong></span> 
     </span>
     <span class='ocr_line' id='line_1_104' title="bbox 996 4889 1784 4958; baseline -0.01 -11"><span class='ocrx_word' id='word_1_687' title='bbox 996 4891 1085 4947; x_wconf 88' lang='lat' dir='ltr'><strong>Odore</strong></span> <span class='ocrx_word' id='word_1_688' title='bbox 1105 4889 1181 4945; x_wconf 86' lang='lat' dir='ltr'><strong>trac‘ti</strong></span> <span class='ocrx_word' id='word_1_689' title='bbox 1200 4889 1348 4956; x_wconf 87' lang='lat' dir='ltr'><strong>Centauri,</strong></span> <span class='ocrx_word' id='word_1_690' title='bbox 1370 4890 1460 4944; x_wconf 87' lang='lat' dir='ltr'><strong>riuum</strong></span> <span class='ocrx_word' id='word_1_691' title='bbox 1484 4903 1577 4958; x_wconf 84' lang='lat' dir='ltr'><strong>rapere</strong></span> <span class='ocrx_word' id='word_1_692' title='bbox 1600 4896 1784 4944; x_wconf 83' lang='lat' dir='ltr'><strong>tentaverunt.</strong></span> 
     </span>
     <span class='ocr_line' id='line_1_105' title="bbox 995 4978 1784 5046; baseline -0.01 -8"><span class='ocrx_word' id='word_1_693' title='bbox 995 4983 1125 5039; x_wconf 87' lang='lat' dir='ltr'><strong>ltereuies</strong></span> <span class='ocrx_word' id='word_1_694' title='bbox 1138 4981 1307 5037; x_wconf 65' lang='lat' dir='ltr'><strong>occasionem</strong></span> <span class='ocrx_word' id='word_1_695' title='bbox 1323 4990 1434 5046; x_wconf 86' lang='lat' dir='ltr'><strong>nactus,</strong></span> <span class='ocrx_word' id='word_1_696' title='bbox 1454 4993 1550 5036; x_wconf 85' lang='lat' dir='ltr'><strong>omncs</strong></span> <span class='ocrx_word' id='word_1_697' title='bbox 1563 4988 1610 5034; x_wconf 90' lang='lat' dir='ltr'><strong>aut</strong></span> <span class='ocrx_word' id='word_1_698' title='bbox 1623 4978 1784 5041; x_wconf 83' lang='lat' dir='ltr'><strong>interemit,</strong></span> 
     </span>
    </p>
   </div>
   <div class='ocr_carea' id='block_1_26' title="bbox 993 5071 1237 5141">
    <p class='ocr_par' dir='ltr' id='par_1_38' title="bbox 993 5071 1237 5141">
     <span class='ocr_line' id='line_1_106' title="bbox 993 5071 1237 5141; baseline -0.012 -12"><span class='ocrx_word' id='word_1_699' title='bbox 993 5082 1039 5129; x_wconf 86' lang='lat' dir='ltr'><strong>aut</strong></span> <span class='ocrx_word' id='word_1_700' title='bbox 1053 5071 1237 5141; x_wconf 74' lang='lat' dir='ltr'><strong>inde&#39;lngauit.</strong></span> 
     </span>
    </p>
   </div>
   <div class='ocr_carea' id='block_1_27' title="bbox 1030 5161 1784 5325">
    <p class='ocr_par' dir='ltr' id='par_1_39' title="bbox 1030 5161 1784 5325">
     <span class='ocr_line' id='line_1_107' title="bbox 1030 5161 1660 5239; baseline -0.013 -18"><span class='ocrx_word' id='word_1_701' title='bbox 1030 5161 1161 5236; x_wconf 84' lang='lat' dir='ltr'><strong>Spolium]</strong></span> <span class='ocrx_word' id='word_1_702' title='bbox 1177 5162 1295 5230; x_wconf 86' lang='lat' dir='ltr'><strong>Pellem,</strong></span> <span class='ocrx_word' id='word_1_703' title='bbox 1310 5177 1361 5234; x_wconf 86' lang='lat' dir='ltr'><strong>qua</strong></span> <span class='ocrx_word' id='word_1_704' title='bbox 1377 5177 1425 5232; x_wconf 92' lang='lat' dir='ltr'><strong>pro</strong></span> <span class='ocrx_word' id='word_1_705' title='bbox 1439 5171 1516 5219; x_wconf 87' lang='lat' dir='ltr'><strong>scuto</strong></span> <span class='ocrx_word' id='word_1_706' title='bbox 1529 5173 1591 5217; x_wconf 80' lang='lat' dir='ltr'><strong>usus</strong></span> <span class='ocrx_word' id='word_1_707' title='bbox 1605 5164 1660 5239; x_wconf 50' lang='lat' dir='ltr'><strong>esu</strong></span> 
     </span>
     <span class='ocr_line' id='line_1_108' title="bbox 1030 5247 1784 5325; baseline -0.009 -16"><span class='ocrx_word' id='word_1_708' title='bbox 1030 5252 1121 5325; x_wconf 76' lang='lat' dir='ltr'><strong>Leoni]</strong></span> <span class='ocrx_word' id='word_1_709' title='bbox 1137 5253 1232 5324; x_wconf 73' lang='lat' dir='ltr'><strong>iaetus</strong></span> <span class='ocrx_word' id='word_1_710' title='bbox 1247 5253 1289 5308; x_wconf 83' lang='lat' dir='ltr'><strong>liic</strong></span> <span class='ocrx_word' id='word_1_711' title='bbox 1305 5263 1334 5309; x_wconf 89' lang='lat' dir='ltr'><strong>et</strong></span> <span class='ocrx_word' id='word_1_712' title='bbox 1350 5255 1476 5309; x_wconf 87' lang='lat' dir='ltr'><strong>irnmanis</strong></span> <span class='ocrx_word' id='word_1_713' title='bbox 1491 5253 1534 5309; x_wconf 87' lang='lat' dir='ltr'><strong>leo</strong></span> <span class='ocrx_word' id='word_1_714' title='bbox 1546 5249 1615 5311; x_wconf 86' lang='lat' dir='ltr'><strong>luit,</strong></span> <span class='ocrx_word' id='word_1_715' title='bbox 1627 5258 1659 5307; x_wconf 71' lang='lat' dir='ltr'><strong>‘et</strong></span> <span class='ocrx_word' id='word_1_716' title='bbox 1675 5247 1722 5319; x_wconf 82' lang='lat' dir='ltr'><strong>qui</strong></span> <span class='ocrx_word' id='word_1_717' title='bbox 1739 5263 1784 5303; x_wconf 89' lang='lat' dir='ltr'><strong>ar·</strong></span> 
     </span>
    </p>
   </div>
   <div class='ocr_carea' id='block_1_28' title="bbox 993 5340 1784 5505">
    <p class='ocr_par' dir='ltr' id='par_1_40' title="bbox 993 5340 1784 5505">
     <span class='ocr_line' id='line_1_109' title="bbox 993 5340 1784 5414; baseline -0.009 -13"><span class='ocrx_word' id='word_1_718' title='bbox 993 5345 1045 5401; x_wconf 79' lang='lat' dir='ltr'><strong>mir</strong></span> <span class='ocrx_word' id='word_1_719' title='bbox 1055 5343 1157 5399; x_wconf 89' lang='lat' dir='ltr'><strong>domari</strong></span> <span class='ocrx_word' id='word_1_720' title='bbox 1169 5359 1221 5399; x_wconf 89' lang='lat' dir='ltr'><strong>uon</strong></span> <span class='ocrx_word' id='word_1_721' title='bbox 1235 5354 1349 5414; x_wconf 89' lang='lat' dir='ltr'><strong>poterat.</strong></span> <span class='ocrx_word' id='word_1_722' title='bbox 1360 5344 1489 5399; x_wconf 82' lang='lat' dir='ltr'><strong>Hercules</strong></span> <span class='ocrx_word' id='word_1_723' title='bbox 1498 5342 1641 5399; x_wconf 78' lang='lat' dir='ltr'><strong>olnervato</strong></span> <span class='ocrx_word' id='word_1_724' title='bbox 1650 5340 1784 5411; x_wconf 78' lang='lat' dir='ltr'><strong>spetunca</strong></span> 
     </span>
     <span class='ocr_line' id='line_1_110' title="bbox 993 5428 1784 5505; baseline -0.008 -14"><span class='ocrx_word' id='word_1_725' title='bbox 993 5433 1086 5498; x_wconf 88' lang='lat' dir='ltr'><strong>aditu,</strong></span> <span class='ocrx_word' id='word_1_726' title='bbox 1106 5436 1287 5502; x_wconf 83' lang='lat' dir='ltr'><strong>egredientem</strong></span> <span class='ocrx_word' id='word_1_727' title='bbox 1306 5432 1529 5505; x_wconf 84' lang='lat' dir='ltr'><strong>comprehendit,</strong></span> <span class='ocrx_word' id='word_1_728' title='bbox 1549 5441 1578 5489; x_wconf 87' lang='lat' dir='ltr'><strong>et</strong></span> <span class='ocrx_word' id='word_1_729' title='bbox 1597 5428 1784 5501; x_wconf 77' lang='lat' dir='ltr'><strong>strangulavit.</strong></span> 
     </span>
    </p>
   </div>
   <div class='ocr_carea' id='block_1_29' title="bbox 1029 5525 1586 5780">
    <p class='ocr_par' dir='ltr' id='par_1_41' title="bbox 1029 5525 1586 5780">
     <span class='ocr_line' id='line_1_111' title="bbox 1029 5525 1255 5606; baseline -0.009 -24"><span class='ocrx_word' id='word_1_730' title='bbox 1029 5526 1114 5599; x_wconf 70' lang='lat' dir='ltr'><strong>etate]</strong></span> <span class='ocrx_word' id='word_1_731' title='bbox 1128 5525 1255 5606; x_wconf 70' lang='lat' dir='ltr'><strong>Traiecit.</strong></span> 
     </span>
     <span class='ocr_line' id='line_1_112' title="bbox 1029 5615 1345 5688; baseline -0.013 -15"><span class='ocrx_word' id='word_1_732' title='bbox 1029 5615 1121 5688; x_wconf 79' lang='lat' dir='ltr'><strong>Certis]</strong></span> <span class='ocrx_word' id='word_1_733' title='bbox 1136 5615 1345 5673; x_wconf 78' lang='lat' dir='ltr'><strong>inevitabilibus.</strong></span> 
     </span>
     <span class='ocr_line' id='line_1_113' title="bbox 1036 5706 1586 5780; baseline -0.007 -13"><span class='ocrx_word' id='word_1_734' title='bbox 1036 5709 1166 5778; x_wconf 79' lang='lat' dir='ltr'><strong>lelucrtal</strong></span> <span class='ocrx_word' id='word_1_735' title='bbox 1179 5709 1388 5780; x_wconf 69' lang='lat' dir='ltr'><strong>Stp&#39;mplualivles.</strong></span> <span class='ocrx_word' id='word_1_736' title='bbox 1402 5706 1586 5765; x_wconf 82' lang='lat' dir='ltr'><strong>Claudiauuat</strong></span> 
     </span>
    </p>
   </div>
   <div class='ocr_carea' id='block_1_30' title="bbox 0 0 1958 6180">
    <p class='ocr_par' dir='ltr' id='par_1_42' title="bbox 0 0 1958 6180">
     <span class='ocr_line' id='line_1_114' title="bbox 0 0 1958 6180; baseline 0 1"><span class='ocrx_word' id='word_1_737' title='bbox 0 0 1958 6180; x_wconf 95' lang='lat' dir='ltr'><strong> </strong></span> 
     </span>
    </p>
   </div>
  </div>
 </body>
</html>
