3906 6180
234 333 286 390 559
883 333 938 388 tu.
958 331 1059 388 tttttt„
1079 331 1154 388 SEV.
1175 332 1327 387 adustus.
1544 327 1546 332 ’
1808 327 1861 383 sto

235 450 269 503 ud
280 451 442 522 sophisticus,
454 465 504 520 qua
515 449 554 504 illi
565 447 730 512 excellebant,
746 446 891 500 accedebat.
909 445 932 502 ll
935 457 945 499 t
957 448 1099 515 resumsit,
1112 448 1180 519 quod
1191 449 1267 517 oulqo
1276 446 1380 514 dicitur,
1393 444 1501 500 Tantam
1511 445 1617 515 quisque
1627 444 1727 514 probm,
1738 459 1771 513 qu
1789 455 1860 496 ntum

234 558 261 595 se
269 542 370 609 assequi
380 552 461 609 putot.
473 541 576 594 Accedit
593 541 669 594 etiam
679 538 728 593 lsoc
745 554 792 592 cur
801 538 882 608 maqis
890 538 931 591 hic
942 548 1041 602 auctor,
1052 540 1111 594 aliis
1120 539 1221 595 eximiis
1228 540 1373 594 auctoribus
1381 555 1460 608 prope
1467 537 1651 601 exsulantibus,
1660 537 1687 589 in
1695 535 1861 590 barbarorum

235 631 351 685 inanibus
365 632 463 685 haserit
474 672 481 696 ,
493 630 562 703 quod
576 637 647 685 tanta
656 629 729 684 docet
738 628 880 701 diliqentis,
892 638 920 682 ut
936 629 1015 682 nimiu
1030 630 1084 700 ejus
1097 630 1124 684 in
1142 629 1257 684 docendo
1273 630 1394 684 sedulitas
1410 629 1593 700 propemodum
1607 627 1712 690 lectori,
1725 625 1862 694 paululum

234 722 377 788 lastidioso,
391 723 422 776 sit
433 723 517 776 tedio.
537 721 619 793 ldque
633 723 659 775 in
671 721 853 792 philosophicis
863 723 1021 794 potissimum
1032 762 1039 788 ,
1051 731 1075 776 cl
1086 723 1113 776 in
1124 723 1319 777 mathematicis.
1333 722 1397 776 Eam
1409 733 1491 776 tannen
1501 720 1662 775 sedulitatem
1674 722 1701 775 in
1712 723 1815 775 musicis
1826 723 1863 775 rei

234 816 368 885 ‹difficultos
376 815 412 867 ita
422 814 489 880 uicit,
500 823 526 868 ut
537 816 572 870 ibi
580 818 690 873 intactus
698 817 783 871 multis
792 805 868 871 annis
878 815 965 888 luerit,
977 816 1057 869 donec
1067 815 1161 870 ueniret
1172 832 1300 885 nunquam
1309 816 1372 869 satis
1383 797 1503 869 laudatus
1513 815 1551 868 air
1560 811 1584 866 F
1585 814 1723 868 ranchinus
1731 814 1861 883 Laudem,

233 907 278 976 qui
292 906 318 959 in
332 922 361 959 eo
372 904 524 961 illustrando
534 923 656 979 maqnum
666 924 750 977 opertu
760 908 869 980 pretium
884 907 953 978 lecit.
972 905 1033 960 Fuit
1043 907 1127 962 lt'ersle
1139 916 1200 961 unte
1209 923 1290 960 annos
1303 906 1399 978 aliquot
1414 916 1442 961 ut
1467 907 1557 972 multi,
1570 908 1610 975 qui
1627 905 1744 962 blusicen
1758 908 1862 979 profite-

233 1007 328 1064 rentur,
342 1014 392 1052 non
409 999 551 1054 dubitarent
564 1002 649 1069 polam
662 983 746 1056 dicere
762 1001 919 1072 impossibile
933 1015 1146 1071 esuquemqttum
1159 998 1242 1054 linctii
1258 999 1373 1053 aarum
1389 997 1545 1069 intelliqere,
1556 997 1624 1065 quod
1638 998 1744 1068 inslqnis
1757 998 1862 1068 quidam

236 1089 508 1148 PhanascusColonise
526 1094 741 1165 Aqrippinasanle
754 1095 894 1159 onnosblb,
911 1112 971 1149 cum
985 1095 1020 1148 ibi
1043 1093 1211 1165 philosophiae
1228 1110 1332 1165 operam
1348 1109 1480 1158 nauarem,
1498 1091 1669 1163 nsilsiobJ'ecit.
1691 1088 1766 1154 Quod
1785 1089 1808 1143 ei
1826 1091 1862 1141 ito

81 1234 86 1242 ,
180 1206 182 1211 ·
206 1167 208 1174 ’
232 1181 323 1248 risum,
335 1186 456 1252 quoniam
475 1194 566 1251 prater
581 1194 703 1240 cantuum
717 1201 807 1252 usum,
820 1185 886 1239 nihil
899 1184 1004 1254 alioqui,
1030 1184 1099 1255 quod
1116 1184 1216 1255 adep'us
1234 1183 1377 1254 discipline
1395 1185 1551 1254 majestatem
1569 1181 1675 1245 attinet,
1692 1178 1807 1233 habebat.
1828 1176 1863 1231 tis

232 1275 277 1340 qui
286 1275 348 1328 tales
358 1284 426 1340 suut,
438 1276 535 1346 asciare
546 1292 592 1343 per
600 1274 690 1329 bouem
699 1276 836 1346 supercilio
848 1291 1034 1345 nonuunquam
1046 1277 1078 1331 de
1088 1276 1236 1330 auctoribus
1242 1277 1377 1347 judicant,
1387 1291 1465 1344 quam
1473 1274 1516 1342 qui
1526 1283 1583 1327 sunt
1594 1272 1685 1327 scitule
1694 1271 1778 1335 docti,
1795 1272 1863 1338 quod

180 1371 184 1381 '
233 1362 297 1432 prdit
315 1365 404 1429 dolor!
425 1381 476 1419 uon
491 1365 686 1420 inhactantum
702 1366 826 1435 coutinqit
845 1366 962 1429 scientia,
979 1367 1024 1420 sed
1044 1367 1140 1438 passim
1158 1366 1187 1420 in
1198 1366 1274 1431 aliis,
1288 1366 1399 1419 masline
1417 1363 1466 1419 ltoc
1481 1373 1568 1418 nostro
1584 1371 1741 1432 tempestate.
1757 1360 1810 1417 Sed
1828 1362 1862 1414 ad

232 1465 361 1508 auctorem
375 1454 463 1520 ipsam
477 1455 561 1507 redeo.
579 1454 689 1526 Scripsit
708 1457 788 1509 multa
798 1453 841 1508 hic
850 1469 958 1523 quorum
973 1455 1073 1525 copiose
1087 1455 1200 1509 meminit
1218 1453 1373 1508 Tritlsemius
1384 1453 1472 1508 obbas.
1486 1454 1549 1518 Quos
1563 1452 1638 1506 hodie
1654 1451 1756 1522 quidem
1766 1459 1863 1505 cuntant

232 1545 315 1616 loqica
325 1555 349 1598 et
371 1545 566 1609 mathematica,
579 1561 609 1598 ea
620 1545 751 1617 praecipua
765 1554 843 1614 puto,
855 1560 900 1599 sres
909 1543 997 1615 phrasi
1013 1544 1122 1622 diomsu,
1136 1559 1182 1599 nec
1197 1542 1263 1612 stqlo
1278 1542 1439 1607 dissidentia,
1454 1551 1481 1596 ut
1492 1542 1564 1595 liceat
1576 1540 1646 1593 houd
1662 1540 1766 1593 obscure
1781 1538 1863 1593 nidere

191 1686 192 1691 ,
231 1650 261 1688 eu
270 1636 356 1689 onmia
366 1651 398 1689 es
408 1653 458 1689 una
468 1637 549 1690 exisse
558 1637 672 1707 officina,
685 1647 794 1706 ossaque
808 1636 900 1703 docta,
913 1636 1024 1700 erudita,
1036 1652 1067 1689 ac
1076 1636 1201 1689 doctrinar
1214 1634 1384 1703 fidelissimae.
1403 1633 1441 1687 tte
1452 1634 1542 1705 quibus
1555 1634 1652 1704 loqicn,
1667 1632 1734 1700 qaod
1749 1630 1823 1684 multi
1832 1634 1863 1683 de

231 1728 264 1781 iis
278 1727 348 1781 uaria
365 1728 535 1797 prodiderim,
550 1729 647 1782 indicta
664 1744 694 1781 ac
710 1729 806 1783 intacta
825 1727 1003 1795 relinquimus.
1020 1726 1205 1784 llathemntica
1220 1721 1369 1799 uero,'qtttc
1380 1727 1423 1783 ille
1441 1726 1512 1782 uobis
1529 1725 1641 1797 reliquit,
1662 1726 1732 1779 omui
1751 1726 1864 1778 mcomia

231 1818 382 1873 celebranda
395 1820 521 1884 sidentur,
534 1829 593 1873 sunt
606 1821 673 1872 enim
686 1821 768 1873 multo
780 1820 938 1891 diqnissima.
958 1816 983 1870 Ε
998 1819 1089 1890 quibus
1103 1819 1156 1873 duo
1173 1820 1212 1873 illi
1232 1819 1397 1875 eruditissimi
1412 1818 1445 1872 de
1459 1818 1626 1872 Arithmetica
1645 1817 1704 1870 trbrr·
1725 1818 1863 1884 principem

231 1912 314 1971 locum
325 1911 412 1965 merito
422 1921 517 1978 tenent,
532 1913 676 1967 absolutum
690 1914 793 1966 omnino
806 1922 1017 1985 opus,·qanntum
1029 1915 1063 1968 ad
1076 1915 1206 1970 theoricen
1216 1915 1316 1982 attinet,
1329 1915 1372 1967 cui
1382 1913 1446 1967 ntttt
1457 1912 1533 1974 denti,
1544 1910 1608 1965 nihil
1617 1911 1680 1964 addi
1691 1917 1780 1978 potest,
1795 1900 1863 1964 omisi

231 2009 302 2069 poste
312 2009 375 2054 teres
384 2015 415 2053 oc
425 1999 575 2056 rotundum.
590 2001 743 2071 Quanquam
753 2000 879 2073 Ceorqius
893 2001 968 2056 Valla
979 2003 1004 2055 in
1016 2013 1163 2070 portentoso
1173 2003 1218 2058 illo
1230 2002 1355 2057 uolumine
1367 2002 1482 2056 derebus
1494 2001 1620 2072 {uqieudis
1630 2010 1654 2054 et
1665 2000 1821 2079 expetendis,
1831 2015 1864 2053 ee

232 2095 363 2150 liastiano
374 2095 492 2165 Capella,
504 2098 667 2152 memorabile
679 2096 802 2167 quiddam
817 2097 850 2162 (si
860 2097 911 2148 diis
921 2094 1017 2163 placet)
1027 2098 1139 2168 adjicere
1148 2098 1217 2151 uisus
1227 2096 1272 2151 sit.
1288 2095 1341 2152 Sed
1353 2096 1396 2150 ille
1406 2095 1475 2148 idem
1487 2093 1611 2163 Ceorqius
1624 2107 1682 2146 cum
1695 2092 1864 2145 reconditiora

231 2189 317 2242 onsnia
332 2189 359 2242 in
371 2188 535 2243 arithmeticis
548 2205 579 2242 ea
594 2189 643 2242 lsoc
654 2200 758 2244 auctore
772 2190 909 2255 habuisset,
928 2205 960 2242 ne
972 2189 1051 2244 semel
1064 2189 1167 2259 quidem
1182 2205 1239 2243 eum
1252 2205 1310 2242 cum
1324 2188 1448 2260 diqnitate
1462 2187 1593 2240 nominare
1606 2184 1693 2240 uoluit.
1707 2184 1749 2239 tte
1763 2185 1864 2239 musicis

115 2323 121 2333 .
142 2276 143 2281 '
230 2281 295 2335 idem
309 2278 375 2337 dico.
396 2279 438 2335 lbi
451 2282 578 2336 enimuero
596 2282 684 2335 habuit
704 2281 881 2345 liuilliclmos,
899 2281 1058 2353 quennios,
1073 2291 1097 2336 et
1112 2282 1276 2350 nescioquas
1296 2279 1362 2333 alios
1378 2288 1509 2342 auctores,
1527 2293 1577 2331 non
1590 2276 1727 2340 admodum
1741 2273 1864 2337 celebres,

147 2434 150 2438 ι
230 2369 335 2426 Boetius
350 2373 377 2425 in
392 2372 481 2425 merita
496 2373 687 2425 nomenclatura
703 2370 786 2425 locum
805 2372 875 2438 opud
888 2388 945 2425 eum
959 2387 1011 2426 non
1026 2371 1132 2436 babuit,
1152 2386 1209 2423 cum
1222 2368 1346 2439 quidquid
1362 2368 1451 2421 solida
1463 2365 1613 2420 eruditionis
1628 2365 1656 2419 iu
1669 2365 1772 2418 suusicis
1785 2362 1863 2418 Geor.

234 2455 310 2513 Vella
324 2459 421 2529 prodit,
435 2467 566 2525 occeptum
576 2457 664 2513 Boetia
677 2458 774 2524 debuit,
786 2460 883 2530 reliqua
897 2461 1052 2515 collectanea
1065 2471 1123 2514 sunt
1136 2460 1232 2523 iniuria,
1248 2475 1292 2513 nec
1304 2450 1405 2520 calum,
1419 2474 1464 2512 nec
1478 2468 1572 2512 terram
1583 2456 1743 2527 attinqentio,
1756 2459 1781 2508 iu
1798 2466 1864 2509 atro-

230 2564 278 2616 qse
291 2561 375 2603 tomen
388 2551 505 2619 quaesita,
513 2549 632 2621 jucunda
647 2550 728 2617 maqis
742 2565 818 2619 quam
833 2551 975 2603 necessaria
989 2549 1145 2616 subtilitate,
1160 2559 1187 2603 ut
1203 2547 1303 2602 Plinius
1318 2547 1475 2601 desiderum
1489 2546 1585 2598 mistica
1599 2544 1721 2614 prodidit.
1736 2543 1865 2610 Quidquid

158 2642 164 2649 “
230 2640 271 2693 hic
287 2648 371 2695 noster
384 2649 474 2694 auctor
491 2641 518 2694 iu
538 2640 705 2693 arithmeticis
726 2656 757 2693 oc
777 2642 881 2695 musicis
899 2641 1019 2709 protulit,
1034 2642 1061 2694 id
1081 2641 1108 2694 in
1133 2643 1214 2694 tolum
1230 2639 1341 2694 solidum
1357 2646 1405 2700 est,
1421 2654 1451 2691 ac
1464 2637 1621 2701 discussum,
1636 2639 1820 2707 fundatumque
1832 2652 1863 2688 ec

229 2712 326 2786 ''ntimis
340 2731 481 2788 matheseos
494 2732 635 2802 principiis,
650 2732 875 2803 inconcussumque
889 2733 916 2787 in
928 2735 1021 2788 sacula
1034 2736 1152 2795 monebit.

722 2823 799 2882 Quum
811 2825 831 2873 sl
843 2824 903 2873 dass
915 2824 990 2887 siles,
1003 2832 1045 2875 sut
1055 2832 1108 2876 stet
1119 2824 1239 2887 ttsrpests
1251 2832 1346 2875 cautes.

266 2903 377 2969 Quintus
388 2913 471 2958 tamen
483 2902 546 2957 liber
559 2903 591 2958 dc
600 2903 707 2959 llusicis
720 2905 783 2958 mihi
796 2906 898 2973 quidem
915 2921 965 2958 non
979 2907 1077 2960 ridetur
1089 2905 1235 2970 absolutas,
1252 2907 1349 2960 tansetsi
1365 2907 1419 2960 scio
1437 2906 1512 2959 aliter
1523 2905 1603 2957 uisum
1621 2902 1714 2966 euronio
1726 2902 1779 2956 uiro
1792 2900 1863 2955 dulia
1921 2967 1925 2973 ι

230 2993 360 3049 ilartiouo
375 2995 458 3058 Rota,
473 2996 517 3065 qui
527 3012 608 3066 smper
621 2997 648 3049 in
658 2996 724 3050 hunc
736 3006 864 3049 auctorem
878 2999 1002 3067 masuras
1014 3004 1059 3050 est.
1093 2994 1204 3060 Quicum
1219 2997 1282 3049 mihi
1295 2996 1415 3066 pleraque
1428 2996 1459 3049 de
1472 2994 1521 3048 hac
1533 3001 1637 3047 anctore
1651 2993 1810 3045 conueniunt.
1827 2991 1865 3044 De

229 3088 327 3142 dnobus
336 3090 512 3143 tantammodo
525 3085 695 3161 uoluminibus
709 3087 940 3158 maquedubitau'o
952 3085 1061 3154 uidetur,
1076 3102 1122 3141 nec
1134 3087 1221 3140 adhuc
1234 3087 1311 3157 plone
1325 3086 1395 3155 apud
1405 3101 1444 3139 mc
1454 3085 1580 3148 discussa,
1593 3083 1751 3150 quantumuis
1765 3098 1863 3136 mecum

191 3193 194 3203 ’
229 3180 318 3246 lucter,
333 3196 432 3234 ostruem
447 3196 560 3234 moacorn
578 3165 699 3251 lapidem,
715 3183 825 3235 rationes
837 3196 924 3233 orienes
943 3194 1041 3232 mecum
1055 3191 1159 3244 mutem,
1174 3196 1279 3243 aessens,
1294 3178 1403 3242 uoluam,
1412 3176 1535 3249 iquorans

720 3269 775 3328 Quo
786 3277 884 3320 tenessn
897 3269 976 3318 vultus
987 3275 1121 3319 osutsntcm
1133 3269 1221 3319 Protea
1233 3268 1304 3318 nodo.
1378 3326 1380 3332 .

230 3349 265 3405 th
279 3362 313 3406 est
329 3353 396 3421 rupted
413 3352 529 3405 eumdem
545 3351 675 3406 l'loccam.
694 3351 764 3406 llam
784 3354 806 3405 si
825 3354 852 3405 id
866 3368 929 3421 opus
946 3353 979 3405 de
989 3353 1088 3406 duabus
1111 3352 1207 3406 Christi
1221 3352 1364 3407 Seruatoris
1377 3353 1456 3406 nostri
1470 3353 1621 3418 naturis,ul
1634 3354 1702 3408 idem
1715 3353 1747 3406 de
1757 3355 1863 3407 sanctis·

227 3441 432 3500 stratumne
445 3446 580 3513 ejussunt,
596 3456 623 3500 ut
636 3447 725 3503 titulus
743 3448 856 3518 meiat,
872 3464 917 3503 uec
929 3450 1011 3520 uptus
1024 3464 1159 3519 repuqttnt,
1175 3450 1218 3519 qui
1230 3452 1326 3523 samum
1343 3461 1379 3511 cst
1399 3461 1425 3506 ut
1448 3453 1475 3508 its
1490 3467 1565 3523 opere
1580 3453 1625 3507 illo
1643 3455 1675 3508 de
1696 3453 1863 3526 philosophia

224 3531 419 3598 Consolatione,
432 3536 500 3607 quod
510 3536 629 3593 ultimum
642 3542 699 3603 sius
713 3538 873 3602 solutum,
886 3554 946 3596 cnut
958 3542 1032 3596 toties
1045 3545 1145 3598 occasio
1157 3552 1240 3608 esset,
1253 3559 1285 3598 ue
1299 3544 1376 3599 unu
1388 3545 1488 3613 quidest
1501 3545 1596 3603 Christi
1615 3546 1709 3601 nusrtis
1722 3547 1787 3619 fiat?
1801 3545 1862 3599 Erat

228 3628 255 3680 in
267 3641 367 3680 earcere
379 3628 488 3694 aptirnus
499 3628 544 3681 ills
556 3630 604 3693 sir,
617 3629 710 3684 dubias
721 3631 755 3685 ds
768 3631 829 3686 sito.
847 3630 981 3700 turmas
993 3635 1151 3688 truculentus
1164 3633 1325 3697 imminebat,
1335 3636 1458 3692 tractabat
1468 3635 1501 3691 de
1515 3635 1600 3692 dioirm
1613 3637 1773 3706 prouidentia
1786 3653 1862 3708 neqo

229 3718 293 3772 tium
304 3719 423 3773 ntduuni.
438 3717 480 3773 lbi
493 3722 524 3772 de
537 3721 613 3793 liujus
628 3722 716 3775 saculi
728 3723 837 3787 molitio,
852 3724 883 3778 de
895 3724 1007 3794 fortunae
1020 3725 1195 3791 instabilitate,
1211 3727 1242 3781 de
1254 3729 1380 3781 malorum
1395 3728 1526 3782 hominum
1537 3728 1564 3782 in
1577 3728 1625 3782 ltoc
1638 3728 1732 3781 mundo
1744 3730 1861 3799 imperio,

182 3883 185 3887 ,
228 3824 274 3876 per
288 3817 368 3863 totum
382 3827 446 3879 opus
456 3823 617 3882 cmrquestus.
635 3812 667 3865 lit
685 3814 796 3879 scilicet,
815 3830 864 3867 non
879 3823 932 3869 erat
945 3817 972 3870 in
986 3817 1025 3871 his
1039 3816 1167 3889 Christus,
1179 3820 1275 3872 bosnini
1292 3829 1343 3872 tom
1357 3821 1442 3885 docto,
1459 3821 1513 3875 uiro
1525 3831 1577 3874 tam
1589 3820 1713 3874 honorato
1724 3835 1755 3872 ac
1770 3821 1811 3890 pio
1823 3821 1861 3873 uel

227 3903 307 3958 semei
315 3907 505 3959 nominandus?
517 3906 644 3970 Christus,
655 3907 768 3976 inquam,
782 3909 864 3961 omnis
874 3909 1003 3976 patientiae
1014 3909 1168 3977 eucarpium,
1183 3907 1262 3979 lonqe⁰
1269 3915 1379 3984 majores
1388 3913 1497 3984 injurios
1506 3913 1538 3966 ab
1550 3913 1659 3966 inimicis
1669 3927 1768 3981 passus.
1782 3912 1861 3975 Deru,

228 3990 366 4059 lborrunus,
378 3994 482 4048 Creator
496 4012 512 4048 a
526 4005 642 4048 creatura
665 3998 734 4049 cruci
747 3998 854 4067 affictus,
869 4014 919 4052 seon
932 4007 986 4053 erat
1000 4000 1055 4068 ille,
1070 4000 1184 4071 inquam,
1200 4001 1226 4054 in
1242 4002 1289 4054 hoc
1303 4011 1356 4054 tam
1371 4002 1517 4072 splendido,
1532 3995 1561 4055 ui
1575 4003 1656 4056 uideri
1673 4003 1775 4067 solutu,
1787 4017 1863 4070 opere

227 4083 417 4139 nomihandus!
437 4084 492 4156 qu
511 4087 609 4157 iqitur,
628 4097 655 4142 ut
674 4090 781 4159 inqenue
798 4088 880 4162 {mm
895 4090 923 4146 ld
935 4093 1003 4160 quod
1024 4096 1064 4147 rei
1082 4103 1121 4153 est
1141 4093 1200 4164 (etsi
1211 4093 1265 4148 scio
1274 4108 1354 4163 quun
1363 4109 1483 4164 nunqnam
1492 4095 1557 4154 rullei
1566 4111 1676 4151 ssooeam
1688 4098 1736 4149 tac
1744 4098 1862 4165 opinione

227 4172 361 4239 inuidiam,
374 4185 398 4228 et
412 4177 469 4244 plus
484 4193 561 4246 quom
572 4177 746 4246 Camarinam,
760 4181 895 4236 dicendum
910 4192 994 4239 tamen
1011 4192 1059 4249 est,
1071 4185 1140 4255 quod
1155 4185 1241 4239 aniuto
1255 4185 1324 4240 sedet
1338 4185 1423 4258 meo),
1444 4185 1507 4239 milti
1525 4187 1627 4257 quidem
1647 4189 1729 4256 nraqs's
1747 4188 1859 4258 philoso-

227 4264 329 4336 phicum
344 4282 408 4335 opas
420 4268 518 4321 uidetur
530 4284 606 4338 quam
620 4269 805 4339 Christianum,
817 4289 864 4326 nec
882 4283 965 4329 tamen
984 4276 1118 4348 indiqussm
1131 4277 1199 4346 qnod
1213 4294 1229 4330 a
1242 4277 1387 4331 Christiano
1399 4279 1498 4333 homine
1511 4279 1619 4349 leqatur,
1629 4280 1673 4333 sed
1686 4281 1820 4351 indiqnum
1834 4294 1860 4335 ut

134 4398 138 4401 .
229 4355 262 4409 ab
272 4372 300 4409 eo
313 4357 577 4425 scriptumcsedams,
587 4357 632 4430 qui
642 4359 694 4428 ipsi
705 4360 805 4421 Christo
822 4363 885 4419 dato
903 4363 1019 4422 instem
1032 4365 1182 4437 baptismata
1195 4368 1313 4432 neutra,
1324 4367 1408 4440 ipsunt
1424 4372 1586 4439 umescs'ptis
1603 4370 1742 4439 polenus.
1764 4373 1819 4426 Nec
1830 4376 1860 4428 ob

227 4448 311 4514 ipsius
321 4451 504 4516 professionem
517 4450 587 4519 (nrum
601 4453 660 4506 ulier
670 4465 837 4510 numerantur
847 4457 1002 4525 captiuitatis
1011 4459 1106 4530 cause)
1120 4460 1147 4514 in
1160 4476 1287 4516 carcerem
1301 4462 1428 4527 detrusus,
1441 4481 1472 4519 ns
1481 4466 1558 4519 semel
1566 4466 1666 4534 quidem
1677 4464 1772 4520 Christi
1782 4466 1860 4534 [scias

226 4537 388 4592 mentionem.
402 4538 427 4591 Ν
429 4555 462 4592 on
475 4542 634 4609 eraqqerabo
651 4558 696 4612 pro
714 4543 839 4616 diqnitote
852 4549 998 4618 nepotiane,
1011 4551 1075 4604 sotis
1086 4560 1124 4604 est
1135 4552 1225 4606 lectori
1236 4553 1361 4608 indicasse
1374 4557 1436 4625 quid
1454 4572 1494 4609 me
1511 4557 1668 4628 potissimum
1679 4569 1785 4610 moneat.
1807 4556 1860 4612 Scd

195 4691 198 4696 Δ
219 4631 293 4694 ,es-lm
302 4630 334 4682 tie
344 4629 504 4698 stqlo,quam
514 4633 535 4686 is
545 4634 651 4699 quadret
661 4651 717 4688 cum
728 4638 787 4691 aliis
798 4637 881 4693 Boetii
891 4640 1094 4711 praelationibus,
1101 4642 1229 4713 judicium
1239 4645 1348 4699 oliorum
1359 4655 1423 4700 esto.
1435 4645 1525 4700 llultis
1535 4664 1597 4701 sane
1605 4648 1630 4717 (e
1639 4664 1744 4716 quoram
1755 4663 1859 4701 numera

225 4733 264 4771 me
272 4719 454 4789 sacilediaero)
461 4722 590 4789 prosaillu
601 4739 657 4777 cum
668 4726 782 4781 carmine
792 4743 844 4781 non
853 4730 1049 4784 uniushominis
1059 4747 1113 4786 esse
1121 4732 1246 4800 sidentur,
1255 4735 1458 4809 lonqemajorem
1466 4739 1576 4807 qrdtinm
1585 4738 1657 4793 habet
1666 4754 1766 4793 carmen
1783 4757 1858 4808 quam

225 4809 312 4882 lajano
323 4811 368 4862 illa
380 4825 464 4875 prosa.
481 4812 556 4878 Quod
575 4814 652 4868 sinml
667 4824 741 4886 atque
753 4819 809 4886 quis
822 4835 907 4873 secam
928 4820 1076 4890 dlliqentius
1090 4823 1264 4892 perpmderit,
1283 4825 1376 4880 ridebit
1386 4843 1427 4882 me
1436 4843 1486 4881 non
1501 4837 1593 4883 temere
1604 4830 1736 4894 opinatam
1750 4844 1810 4884 esse.
1826 4831 1857 4883 dt

224 4897 287 4963 quid
298 4899 411 4953 dicemus
422 4901 453 4954 de
468 4911 504 4955 tot
521 4912 579 4956 ante
598 4918 643 4958 uos
658 4906 791 4959 doctorum
810 4908 1048 4983 uirorumjudtcioi
1075 4909 1138 4975 Quis
1155 4928 1267 4984 unquam
1277 4930 1306 4968 eo
1315 4915 1347 4968 de
1358 4931 1385 4970 re
1397 4915 1537 4971 dubitarit?
1550 4933 1668 4972 omnesne
1679 4920 1859 4972 coectttieruut?

226 4987 286 5042 lion
296 4991 349 5046 oio.
364 4991 432 5058 Quid
447 4997 518 5050 tum?
536 4996 562 5050 tt
565 5005 597 5051 on
607 5000 763 5070 coqitarunt,
776 5001 890 5070 inquom.
905 5004 935 5059 Si
946 5007 1109 5075 coqitassent,
1123 5007 1146 5059 si
1154 5008 1324 5076 judicassent,
1334 5010 1357 5064 si
1367 5009 1552 5076 discussissent,
1569 5012 1659 5064 melius
1671 5010 1741 5064 euobis
1752 5026 1781 5061 ra
1790 5024 1813 5062 ac
1827 5013 1858 5060 u·-

223 5098 293 5137 mare
303 5086 443 5152 potuissent
453 5103 463 5142 .·
473 5091 517 5143 scd
528 5106 578 5143 uon
589 5092 654 5144 restit
665 5093 691 5144 in
703 5101 821 5156 suentem,
833 5095 892 5147 aliis
904 5098 1035 5168 occupatis
1044 5098 1206 5168 coqitatibus.
1231 5100 1451 5167 Quemadmodum
1468 5110 1492 5155 et
1501 5095 1592 5156 =nostra
1603 5110 1685 5165 aetate,
1698 5117 1770 5154 nenso
1780 5100 1858 5170 paule»

223 5174 373 5228 eruditioris
389 5178 486 5250 p'udicsi
504 5179 591 5243 homo,
607 5183 790 5236 eruditissimos
810 5181 1062 5257 absolutissimosque
1082 5188 1141 5242 illos
1161 5186 1307 5243 lihetorices
1321 5190 1356 5243 ad
1372 5188 1528 5244 Herennium
1540 5192 1617 5246 libros
1630 5191 1757 5244 Ciceronis
1771 5191 1858 5243 existi-

160 5346 162 5351 .
223 5266 316 5329 mabit,
335 5266 378 5320 sed
392 5265 498 5323 alterius
513 5273 659 5341 cujuspiam
670 5274 739 5325 docti
750 5275 797 5328 uiri
810 5289 839 5327 ea
854 5283 1019 5343 tempestate,
1035 5293 1092 5347 qua
1111 5278 1220 5331 manime
1231 5287 1292 5332 tune
1304 5280 1403 5348 moqnis
1414 5281 1633 5350 r'nqern'nptoratr.
1649 5280 1725 5343 Atqui
1742 5279 1858 5333 Lauren·

221 5353 274 5407 tius
293 5353 386 5419 i'alla,
402 5359 563 5428 Anqelasque
579 5359 738 5424 Politianus,
755 5364 905 5431 eloquentiae
923 5364 1045 5420 lionsante
1059 5368 1171 5431 lumino,
1187 5383 1219 5421 ac
1232 5368 1385 5422 sanctissimi
1392 5371 1488 5439 judicii
1501 5371 1552 5423 duo
1567 5370 1614 5422 oiri
1628 5370 1728 5434 ubique,
1742 5381 1769 5422 ut
1785 5370 1855 5423 Cice-

208 5449 301 5510 'ronit,
314 5446 440 5518 nlleqant.
456 5447 516 5503 Non
530 5454 595 5515 dat,
609 5451 703 5521 inquis,
719 5454 772 5508 illis
791 5457 888 5510 nasusl
903 5464 957 5509 erat
972 5458 1075 5528 utiquc,
1090 5457 1135 5512 sed
1149 5472 1200 5511 non
1214 5458 1370 5528 coqs'tnrunt,
1382 5459 1477 5529 alioqui
1489 5476 1522 5514 eu
1542 5461 1601 5530 stqli
1613 5460 1768 5523 diversitate,
1784 5478 1815 5513 oc
1827 5477 1858 5513 ec

222 5540 309 5596 multis
321 5544 380 5598 aliis
394 5547 680 5616 osqumentiscolliqere
697 5548 774 5617 facile
796 5559 914 5618 poterant
937 5569 988 5607 nnn
1002 5568 1059 5609 esse
1076 5567 1106 5608 stt
1128 5549 1269 5616 Ciceronis,
1283 5553 1396 5621 quamuis
1410 5563 1435 5608 et
1454 5554 1529 5607 docta
1542 5562 1565 5607 et
1589 5568 1654 5622 pura
1667 5563 1690 5606 et
1714 5555 1855 5613 elaboratu,

220 5635 335 5703 quamuis
350 5636 489 5694 irrueterata
502 5640 634 5695 hominum
650 5642 735 5711 opinio
753 5643 890 5709 reclamet,
906 5646 1016 5714 denique
1028 5646 1188 5715 quantumuis
1197 5655 1221 5700 et
1236 5643 1361 5714 Ceorqr'us
1377 5644 1454 5700 i’alla
1467 5655 1490 5700 et
1504 5646 1630 5702 Antonius
1649 5645 1818 5699 llauciuellus
1831 5656 1854 5699 ct

220 5723 324 5792 quidum
337 5724 384 5780 ulii
399 5727 490 5784 luctati
503 5730 565 5800 sisu,
580 5743 607 5789 ut
619 5732 647 5787 id
659 5733 803 5790 homiuibus
817 5737 1012 5805 persuaderent,
1025 5750 1110 5791 omnus
1130 5737 1156 5790 id
1169 5737 1272 5803 lucrati,
1287 5746 1315 5791 ut
1325 5736 1397 5806 spat
1412 5734 1562 5794 eruditiores
1577 5739 1614 5793 uel
1633 5739 1728 5808 stupidi
1742 5738 1779 5793 rr:
1793 5753 1853 5806 pcr-
