3906 6180
181 320 233 379 ιιι
784 318 839 378 ιι.
861 319 966 379 nunu.
984 312 1060 375 sau.
1082 310 1194 401 soson

285 432 373 506 liores
386 432 464 500 solio,
477 439 620 504 sanctaque
633 431 736 489 calcant
981 436 1005 494 Α
1123 428 1219 499 Operis
1230 425 1297 482 tanti
1309 438 1371 496 pars
1385 439 1437 481 non
1453 420 1511 480 tilis

285 523 382 595 injusta
396 524 453 579 vioe
464 524 532 579 colla
547 533 686 581 nocentes.
1073 521 1108 578 l5
1127 518 1265 589 Homines,
1280 516 1415 589 quatimur
1430 514 1543 574 lortunae
1556 517 1622 574 salo.

285 616 362 673 Latet
374 616 495 672 obscuris
504 617 610 673 condita
622 619 706 676 uirtus
1124 611 1251 682 Rapidos,
1266 621 1366 678 rector,
1380 613 1526 681 comprime
1542 611 1649 685 unctus,

232 704 267 763 Sd
285 703 362 761 Clara
373 706 499 773 tenebris,
511 706 651 779 justusque
665 709 724 764 tulit
1123 706 1168 772 Et,
1183 719 1237 777 spuo
1248 705 1346 760 coelum
1360 704 1429 775 regis
1445 704 1615 775 immensum,

391 795 496 854 Crimen
510 797 603 868 iniqui.
1122 800 1211 855 Firma
1230 797 1338 854 stabiles
1349 797 1450 855 loedere
1465 808 1558 854 terras.

285 886 328 943 Nil
344 888 517 958 perjurio‚nil
533 900 610 946 nocet
624 890 688 960 ipsis
1297 912 1349 983 71
1368 910 1478 967 etiosa
1497 911 1530 969 V.

285 978 379 1043 ΜΒ*
394 980 513 1035 ''¹⁰⁰¹llcl
526 989 629 1050 ⁰⁰ml¹l²¹
645 981 744 1037 ⁰⁰¹⁰¹⁰·
1016 1006 1213 1062 mosenum.
1227 1034 1262 1044 -
1283 1003 1452 1070 Philosophia
1466 1021 1525 1058 cam
1536 1003 1625 1061 Raetia
1643 1009 1736 1074 partim
1750 1011 1805 1065 dis·

285 1070 340 1140 70
352 1069 403 1125 Sari
419 1086 479 1126 curn
495 1071 571 1126 libuit
585 1072 685 1127 viribus
698 1073 748 1141 uti,
1052 1077 1171 1141 sentiens,
1187 1075 1345 1130 contertsiens
1361 1076 1464 1140 pertin.
1479 1075 1548 1128 lunc
1562 1077 1656 1148 arpnit.
1666 1083 1735 1149 quod
1745 1093 1768 1135 et
1779 1100 1805 1137 se

233 1159 269 1217 ιι)
286 1162 359 1228 Quos
372 1161 502 1217 jpppmppj
517 1172 637 1219 mepppnp
650 1164 751 1235 populi,
1052 1149 1164 1202 exsulem
1184 1147 1293 1209 dixerit,
1309 1154 1333 1199 et
1353 1145 1483 1213 fortunam
1499 1151 1629 1202 adeersum
1649 1149 1726 1214 luerit
1744 1170 1805 1205 corr·

283 1438 408 1511 Quisquis
421 1455 510 1498 rerum
523 1439 622 1497 imdcra
638 1442 738 1498 aecus(
1052 1448 1116 1506 llaec
1127 1450 1172 1506 ubi
1187 1451 1344 1506 continuato
1358 1448 1451 1506 dolore
1466 1451 1474 1481 ¹
1492 1458 1505 1487 ι
1520 1448 1694 1518 deblateravi,
1709 1455 1719 1484 ¹
1733 1452 1803 1509 illai

843 1557 1130 1623 turonensium.

177 1676 268 1725 noemi
281 1668 343 1739 ipsis
355 1670 528 1735 nocentibus;
544 1669 615 1740 froas
624 1668 706 1723 aelata
715 1669 797 1739 specie
813 1671 901 1742 fallaci
911 1689 963 1728 nort
1016 1684 1115 1732 clamor
1128 1685 1192 1733 oesta
1205 1681 1316 1748 [ortunae
1331 1690 1341 1730 .·
1354 1688 1494 1745 compesce,
1510 1673 1663 1742 moderator,
1679 1677 1803 1747 procellae

177 1747 249 1795 nocet
263 1736 367 1798 iisdem.
383 1743 415 1796 At
425 1741 468 1795 aii
481 1742 575 1810 plaeait
589 1741 662 1821 ipsis,
673 1740 710 1794 uti
721 1742 774 1794 mis
785 1741 889 1809 uiribm,
908 1753 962 1798 turn
1016 1749 1140 1804 uiolentos
1155 1748 1279 1811 fortunae,
1294 1756 1317 1801 et
1332 1763 1383 1814 ona
1396 1747 1451 1818 lcpe
1464 1744 1589 1815 padernas
1602 1746 1691 1819 inpms
1703 1750 1802 1818 roeium,

176 1810 287 1893 gestiant
308 1813 432 1883 subjicere
453 1812 502 1868 sibi
525 1813 652 1885 principes
666 1827 783 1882 mopsos,
796 1829 860 1883 quos
878 1825 963 1884 pentes
1016 1819 1109 1875 eadam
1123 1819 1247 1889 confirma
1260 1816 1376 1887 firmatas
1390 1825 1481 1873 letali·

176 1883 371 1938 innumerabiles
393 1883 491 1937 timent.
507 1880 529 1937 0
544 1882 624 1949 licus,
639 1882 682 1953 poi
696 1882 837 1938 moderaris
851 1887 962 1939 necessi-
1052 1899 1066 1928 ι
1080 1889 1165 1948 Stulte
1175 1888 1276 1944 loeutus
1290 1903 1357 1944 sam.

176 1950 276 2007 emines
297 1969 393 2020 rerunt,
411 1969 478 2009 nanc
496 1954 592 2007 inicere
607 1962 689 2007 terras
709 1954 882 2010 colanritosas.
906 1956 962 2011 llas
1050 1959 1064 2001 i
1079 1960 1261 2033 Philosophia.

176 2020 300 2093 domines,
315 2025 398 2093 portio
414 2040 464 2079 non
475 2023 574 2095 abjecta
588 2023 671 2093 operis
686 2024 722 2080 tui
743 2034 795 2079 tom
808 2026 904 2097 mapni‚
913 2028 960 2099 p'a-
976 2025 1001 2086 B

927 2144 1042 2205 NOTAE.

210 2260 255 2317 32.
271 2260 416 2333 Sanctaque
429 2264 518 2337 colla]
529 2262 657 2321 Similiter
668 2276 729 2331 pars
737 2262 780 2319 bic
792 2262 899 2332 ponitur
909 2278 958 2334 pro
1020 2265 1121 2337 populi,
1145 2280 1258 2322 summos
1276 2264 1385 2334 pandent
1398 2264 1505 2320 subdere
1518 2278 1589 2391 repes
1599 2279 1617 2329 ,·'
1630 2262 1803 2333 quamobrem

177 2331 280 2387 totozsi
294 2334 398 2403 quidem
408 2347 515 2392 sanctos
529 2335 616 2404 potins
629 2334 752 2387 lromines
765 2349 845 2404 quant
857 2334 965 2391 iliorum
1018 2351 1105 2408 neque
1114 2337 1141 2393 id
1154 2337 1256 2392 crimen
1270 2335 1427 2405 impunitam
1440 2349 1500 2390 esse
1510 2333 1544 2391 de
1563 2344 1605 2390 eat
1620 2351 1627 2388 τ
1643 2350 1703 2389 aum
1714 2343 1802 2393 tamen

176 2402 244 2459 colla
257 2403 362 2459 calcant
382 2416 518 2463 nocentes.
540 2404 593 2461 Sed
606 2414 633 2458 ut
654 2405 786 2472 posterior
801 2404 853 2469 tric,
868 2404 908 2461 sio
921 2406 966 2461 ille
1018 2408 1153 2478 praedictis
1164 2405 1321 2462 nocentibus
1335 2406 1400 2461 nibil
1409 2405 1528 2462 uideatur
1540 2422 1637 2461 nocere.

176 2474 249 2545 prior
262 2474 387 2545 loquendi
400 2478 496 2533 modus
512 2475 598 2546 poetis
609 2476 757 2545 ιιιιιιιιιιιι
771 2476 963 2533 usitatissimus
1051 2478 1094 2534 ti.
1109 2478 1132 2533 0
1140 2479 1199 2561 jam
1213 2478 1319 2532 miseras
1330 2478 1429 2545 respice
1442 2475 1545 2549 terrae]
1561 2475 1601 2531 sd
1618 2474 1713 2543 licum,
1725 2493 1739 2532 a
1750 2492 1803 2547 quo

176 2553 225 2600 nst.
874 2576 876 2580 .
1016 2564 1124 2605 carmen
1140 2558 1297 2619 incaeperat,
1312 2548 1452 2602 reuertitur
1463 2555 1550 2617 pocta,
1566 2546 1704 2617 ipsumque
1715 2558 1801 2619 rogat,

210 2614 256 2671 SS-
269 2613 374 2686 iniusta
396 2617 471 2690 nice]
484 2617 560 2687 Quod
576 2617 702 2685 iniustum
723 2617 847 2673 uideatur
863 2620 960 2687 probos
1015 2631 1044 2674 ut
1058 2620 1163 2675 micros
1176 2619 1296 2689 respicias
1307 2626 1398 2687 terras,
1415 2619 1613 2688 quasnimirum
1626 2617 1745 2674 incolunt
1755 2619 1803 2675 bo·

176 2684 209 2741 ab
227 2686 356 2754 improbis
372 2692 455 2759 premi
473 2709 480 2744 r
497 2690 582 2745 uicem
598 2690 668 2743 enim
686 2689 798 2743 dicimus
820 2689 891 2758 quod
917 2690 958 2744 al·
1014 2691 1111 2755 ruinas,
1126 2691 1232 2761 indigna
1248 2690 1373 2745 iercntes.

176 2756 260 2813 terma
274 2756 385 2815 iacimus
399 2762 547 2831 patimurue
563 2776 569 2811 :
587 2758 648 2813 binc
662 2760 782 2825 uicissim,
798 2768 825 2814 et
838 2760 959 2816 alcarius.
1049 2761 1094 2816 lb.
1108 2760 1227 2831 Quisquis
1233 2777 1318 2816 rernm
1329 2761 1424 2829 [aedera
1434 2758 1537 2832 nectis]
1547 2759 1691 2815 Pradictas
1701 2759 1803 2817 scilicet

210 2826 254 2882 it.
271 2826 343 2883 liutet
356 2831 468 2887 olscnrir
482 2830 583 2885 condita
593 2829 672 2884 cirtae
687 2830 757 2884 clara
770 2829 901 2899 terremini
916 2832 961 2885 Pa·
1014 2846 1153 2887 causarum
1168 2830 1380 2901 electorumque
1393 2831 1555 2886 naturalium
1574 2830 1783 2887 vicissitudines.

175 2897 308 2953 rationum
323 2902 430 2957 ridetur
444 2903 560 2956 uirtutem
583 2901 679 2956 claram
699 2900 811 2954 obscuris
830 2903 960 2957 carrditam
1049 2903 1095 2957 il.
1108 2900 1200 2972 Operis
1211 2903 1275 2956 tanti
1288 2918 1349 2972 pars
1359 2918 1411 2956 oon
1424 2902 1480 2956 nilis
1494 2898 1630 2973 bominem]
1644 2899 1731 2957 Homo
1743 2903 1802 2970 qui-

174 2967 281 3025 tenebris
294 2971 396 3027 latere:
410 2973 467 3028 brec
481 2984 569 3028 tannen
583 2986 617 3027 cx
636 2987 669 3026 eo
684 2982 796 3040 possunt
809 2973 958 3037 conciliari,
1014 2971 1075 3028 dem
1096 2989 1156 3041 pars
1170 2982 1212 3029 est
1233 2988 1321 3029 rerum
1336 2988 1351 3025 a
1373 2972 1428 3028 lieo
1449 2970 1628 3039 conditarum,
1656 2973 1679 3026 si
1694 2971 1801 3042 quidem

175 3038 242 3109 nuod
264 3040 349 3098 uirtus
363 3044 476 3099 obscura
491 3044 526 3099 sit
540 3043 600 3098 aliis
619 3041 788 3102 bortrinibus:
803 3042 874 3097 clara
896 3059 960 3099 vcro
1015 3059 1102 3115 neque
1124 3057 1139 3098 a
1153 3045 1309 3114 semetipso,
1326 3058 1413 3113 neque
1432 3058 1447 3097 a
1462 3042 1547 3099 nibilo
1562 3043 1619 3097 lieri
1634 3043 1718 3111 potnit
1735 3043 1800 3097 :scd

175 3122 234 3165 cum
248 3113 332 3168 menti
348 3115 463 3187 ejusqui
479 3116 603 3169 virtutem
617 3114 690 3175 colit,
706 3123 760 3168 torn
778 3114 832 3168 lico
842 3114 887 3181 qui
905 3114 962 3169 vir·
1014 3114 1084 3170 idem
1096 3116 1177 3170 borno
1192 3124 1305 3185 pareest
1315 3130 1365 3169 non
1375 3114 1443 3179 uilis,
1455 3114 1525 3184 quod
1539 3129 1570 3169 ca
1580 3113 1687 3169 etiamn
1705 3113 1801 3183 quibus

176 3187 258 3236 tutem
274 3183 323 3253 ipsi
344 3187 428 3241 menti
451 3184 555 3241 inludit.
571 3184 617 3240 Sic
634 3185 725 3252 uirtus,
739 3184 776 3239 ait
791 3184 894 3239 Tullius
914 3201 962 3254 pro
1014 3187 1123 3255 cogitari
1139 3201 1192 3241 oon
1208 3195 1304 3254 potest,
1318 3187 1376 3255 ipsc
1389 3186 1496 3254 cogitet.

175 3249 255 3316 Sem,
266 3254 294 3307 in
307 3263 453 3327 tempestate
473 3257 615 3325 quietam,
632 3264 655 3308 et
677 3255 743 3309 lucer
758 3255 785 3308 in
801 3254 918 3321 tenebris,
938 3267 961 3311 et
1048 3257 1094 3311 li.
1108 3256 1244 3323 Quatimor
1255 3252 1451 3327 fortunarum]
1463 3255 1497 3310 Ut
1507 3253 1642 3324 poetissic
1652 3252 1801 3310 oratoribus

175 3322 250 3391 pulsa
261 3322 316 3379 laco
332 3337 416 3380 roanet
431 3338 514 3381 tamen
525 3337 598 3392 atoue
611 3326 688 3379 luceret
699 3327 725 3378 in
736 3326 820 3395 patria
834 3325 962 3396 splendet·
1014 3325 1099 3380 salam
1120 3337 1162 3382 est
1176 3342 1264 3394 marc,
1281 3326 1351 3396 quod
1366 3325 1490 3381 nimirum
1508 3325 1536 3379 iu
1557 3326 1622 3379 mari
1647 3325 1746 3379 multos
1766 3327 1802 3380 sit

175 3408 222 3461 nats
234 3409 341 3463 perrese
354 3413 464 3466 semper,
478 3413 522 3451 nec
533 3396 625 3451 alienis
635 3411 748 3466 unquam
760 3395 878 3451 sordibus
892 3398 962 3452 obso-
1013 3396 1078 3455 salis
1091 3412 1189 3467 sapon
1206 3397 1270 3454 binc
1291 3397 1389 3452 salacia
1410 3405 1436 3451 et
1450 3396 1543 3450 oenila'o
1557 3393 1626 3463 apud
1643 3405 1734 3465 poetas
1749 3395 1802 3451 usi·

175 3461 253 3518 Ιιιιίι.
1015 3474 1105 3523 tantur
1115 3468 1148 3523 ad
1160 3467 1333 3538 signilloonda
1348 3482 1379 3523 ea
1396 3467 1477 3521 maris
1490 3466 1659 3522 decrementa
1676 3476 1703 3520 et
1714 3466 1801 3521 incre·

208 3532 252 3589 35.
266 3531 405 3605 iustosque
424 3537 481 3592 tulit
496 3538 592 3592 crimen
605 3535 708 3618 iniqui]
721 3536 830 3594 Crimen
844 3537 887 3594 bic
907 3555 959 3609 nou
973 3504 997 3569 c
1013 3548 1113 3604 menta,
1128 3538 1225 3610 quibus
1240 3538 1281 3593 bis
1299 3540 1326 3593 in
1348 3538 1392 3593 die
1416 3538 1554 3593 detumere
1568 3548 1596 3592 et
1616 3536 1802 3617 turberclsolet

174 3602 961 3747 :llirtiiidmi‘illumitibitibi}
1012 3608 1152 3737 liiii
1165 3606 1668 3735 didisti'’bilililibiii
1681 3605 1802 3747 triti

474 3718 482 3743 r
536 3717 541 3731 ¹
698 3717 703 3729 ¹
856 3726 859 3731 -
908 3721 915 3741 r
1312 3720 1320 3744 s

175 3744 260 3801 bonor
287 3748 422 3804 virtutem.
446 3750 491 3805 Sic
506 3748 609 3805 Tullius
636 3749 662 3802 in
682 3746 793 3804 Verrem
808 3750 846 3805 ait
859 3749 962 3805 laudern
1012 3751 1095 3806 maris
1108 3749 1209 3806 abalto
1222 3750 1281 3805 salo
1293 3750 1326 3806 ad
1343 3751 1416 3805 littus
1431 3748 1570 3804 uenientis.
1593 3746 1650 3802 Non
1666 3749 1802 3805 immerito

174 3816 362 3886 imperatoriam
376 3821 523 3874 criminibus
536 3820 651 3874 auaritia
661 3818 749 3874 alleri.
767 3819 897 3876 Nimirum
908 3823 961 3877 cri·
1012 3833 1103 3876 autern
1114 3821 1213 3876 dicitur
1228 3821 1339 3892 postumae
1355 3823 1438 3875 salam
1449 3820 1552 3875 cumab
1562 3818 1621 3874 aliis
1636 3816 1800 3884 auctoribus,

174 3901 235 3943 ntea
260 3891 407 3959 generatim
428 3890 453 3945 id
468 3905 547 3946 omne
569 3899 620 3955 est¹
638 3904 691 3955 ouo
706 3889 802 3958 aliquis
818 3906 832 3943 a
854 3894 960 3947 crateris
1012 3892 1082 3961 qaod
1103 3892 1172 3947 sicut
1189 3907 1204 3947 a
1224 3893 1290 3947 mari
1305 3892 1344 3948 sic
1359 3908 1372 3943 a
1389 3890 1494 3946 fortuna
1509 3891 1585 3961 plura
1606 3897 1668 3943 sunt
1687 3891 1755 3945 bona
1774 3899 1802 3944 et

174 3956 343 4027 distinguitur
353 3972 543 4030 separaturus:
553 3962 624 4015 undo
634 3960 778 4015 discrimen.
790 3958 856 4015 Curru
867 3976 958 4033 autem
1013 3963 1092 4027 mata,
1108 3962 1157 4019 scd
1167 3963 1429 4017 inconstantissimo:
1445 3971 1500 4015 turn
1515 3960 1661 4029 praesertim
1681 3975 1696 4014 a
1711 3968 1801 4014 nostro

174 4026 281 4085 lolamia
302 4029 358 4086 lraec
379 4032 561 4100 improborum
576 4046 638 4086 esse
651 4031 773 4097 deberet,
791 4031 849 4086 hacc
863 4036 960 4103 probo·
1012 4046 1138 4097 auctore,
1157 4034 1229 4103 quaid
1240 4036 1284 4089 bic
1297 4033 1564 4101 amarosesperiatur
1576 4030 1688 4085 iortunae
1698 4043 1788 4085 casus.

174 4114 234 4153 rurn
249 4112 320 4167 stunc
344 4116 405 4158 esse
427 4102 533 4167 dicitur,
560 4101 719 4171 additurque
743 4102 838 4158 modos
863 4104 961 4172 ortibus
1047 4104 1092 4159 46.
1108 4103 1233 4175 Rapidos,
1242 4115 1335 4170 rector,
1348 4104 1486 4173 comprime
1494 4099 1614 4172 [iactos]
1625 4100 1698 4155 idest
1709 4099 1801 4154 eiolert·

90 4198 93 4203 ·
174 4180 302 4226 nocentes
320 4182 432 4228 eceteros
456 4172 574 4242 ailligere
594 4173 702 4237 solent,
728 4172 853 4227 uidelicet
872 4178 959 4248 perja-
1013 4183 1051 4229 tos
1070 4173 1646 4244 motaslortunrc.quaeestvelrttiinsanurn
1663 4186 1746 4226 mare.

174 4239 250 4306 mont,
267 4244 383 4312 [socrdem
410 4254 437 4298 et
451 4244 511 4310 tim,
525 4243 591 4298 nibil
605 4242 670 4311 ipsis
683 4246 839 4299 nocentibus
851 4260 958 4300 iniicere.
1049 4246 1094 4301 li.
1108 4245 1165 4312 Quo
1176 4245 1267 4300 crelam
1276 4245 1343 4315 repis
1357 4244 1459 4311 ledere,
1474 4244 1550 4312 firma
1560 4239 1663 4313 terras]
1676 4240 1801 4295 Homines

207 4312 252 4368 aa.
271 4311 319 4367 llil
332 4312 468 4386 perierim]
482 4315 501 4368 l.
517 4315 667 4383 Perjnriurn
682 4324 734 4379 est,
747 4325 794 4369 aut
808 4313 904 4370 laisum
918 4317 961 4385 jn-
1014 4317 1050 4369 sic
1066 4316 1210 4379 moderare,
1229 4327 1258 4370 ut
1276 4313 1499 4385 ortomadrnodunt
1512 4327 1564 4368 nort
1580 4312 1704 4366 salumin
1719 4311 1798 4375 caulo,

174 4394 244 4451 rare,
257 4394 303 4439 ant
315 4384 385 4453 qnod
401 4400 431 4439 cs
448 4385 529 4441 atnirni
552 4386 682 4440 sententia
705 4384 849 4453 juraveris.
865 4386 890 4440 id
907 4404 959 4441 non
1012 4386 1059 4439 scd
1077 4388 1102 4440 in
1125 4387 1233 4448 rclinuis
1252 4386 1378 4452 operibus
1402 4386 1464 4449 tuis,
1488 4398 1545 4438 succ
1563 4383 1619 4438 suis
1637 4383 1799 4451 respondent

174 4450 262 4509 lacere
273 4469 281 4508 ε
294 4454 356 4510 binc
370 4457 396 4510 in
414 4456 542 4525 perjurio,
562 4466 672 4510 auctore
683 4454 781 4518 Tullio,
799 4455 865 4512 tides
876 4458 962 4525 iusiu·
1014 4457 1115 4510 uicibus
1129 4458 1210 4520 vices,
1223 4455 1340 4526 sicapnd
1355 4456 1488 4520 homines,
1498 4464 1524 4509 et
1535 4451 1676 4509 virtutibus
1688 4450 1798 4522 precaria

174 4522 338 4596 randnmque
354 4527 496 4595 neptipitnr
507 4544 514 4580 ι
527 4527 588 4582 binc
601 4540 649 4581 sna
664 4535 716 4591 est,
728 4527 822 4581 eodem
839 4537 960 4594 aristone,
1013 4536 1041 4581 et
1054 4528 1126 4581 vitiis
1140 4526 1271 4597 supplicia
1288 4526 1440 4581 reddantur.

174 4608 192 4647 tt
205 4595 239 4650 de
259 4594 335 4667 ch„
352 4598 469 4667 perjurio
484 4612 572 4665 poena.
587 4597 675 4651 diiina
690 4597 807 4664 quidem,
824 4599 935 4652 ctitinnt
952 4614 960 4663 ς
1050 4599 1058 4628 ¹
1073 4594 1257 4668 deblateravi]
1273 4598 1322 4651 dlii
1336 4596 1426 4666 legunt
1438 4595 1573 4661 delatravi,
1588 4596 1645 4650 sive
1664 4591 1782 4648 dilatravi
1788 4607 1797 4655 ;

175 4664 288 4722 barnana
311 4684 385 4732 uero.
407 4667 534 4723 dedecus.
560 4666 722 4724 Nocentibns
748 4678 849 4733 tamen,
876 4671 963 4738 innuit
1013 4668 1060 4723 sed
1081 4683 1132 4723 ror
1151 4684 1202 4737 qua
1225 4669 1324 4723 utimur
1345 4680 1397 4721 tarn
1417 4676 1478 4734 apta
1492 4675 1534 4721 est
1554 4662 1586 4718 ad
1600 4662 1798 4732 significandam

76 4782 80 4789 .
174 4734 292 4804 Boetius,
308 4739 345 4793 nil
357 4750 445 4794 nocent
459 4741 591 4811 perjurio:
607 4737 771 4808 usqueadeo
784 4741 963 4811 injustoesunt
1013 4753 1072 4793 eum
1092 4753 1171 4808 quarn
1187 4753 1257 4794 nunc
1282 4738 1389 4793 Boetius
1406 4736 1485 4791 babet
1505 4737 1539 4791 tle
1554 4735 1688 4804 predictis
1700 4732 1799 4802 copita-

174 4807 248 4863 rices.
1016 4810 1125 4869 tionem,
1139 4818 1245 4879 tamque
1256 4808 1333 4863 iacile
1343 4808 1428 4877 potnit
1439 4820 1547 4876 propter
1556 4805 1671 4861 similem
1685 4819 1800 4871 pronun·

208 4878 253 4932 57.
271 4877 316 4932 llil
328 4890 399 4934 noret
409 4881 471 4948 ipsis
486 4879 623 4953 scansili.
636 4880 721 4934 Fraus
732 4879 830 4935 dicitur
843 4880 961 4936 adulatio
976 4846 1001 4906 D
1014 4880 1149 4935 tiationern
1164 4882 1189 4933 in
1205 4883 1323 4950 vulgatas
1338 4893 1417 4933 uoces
1433 4876 1538 4941 ntutari,
1554 4885 1583 4929 ιι
1594 4876 1634 4929 ine
1649 4876 1721 4929 illam
1734 4875 1800 4929 obli-

174 4944 265 5003 dnlosa
280 4968 286 5001 :
304 4961 443 5018 propterca
455 4954 631 5008 urunt-dicitur
644 4952 761 5005 mendaci
773 4966 874 5018 corrrp'o
889 4953 961 5005 colo·
1014 4959 1115 5005 torasse
1126 4950 1277 5012 rideantur,
1293 4949 1361 5014 nuod
1372 4947 1519 5004 attendenti
1534 4946 1645 5013 patebit.
1670 4944 1800 4999 Nimirum

174 5034 211 5073 re.
226 5018 335 5075 Scilicet
349 5024 614 5088 tronro,rrriperrriarrr
629 5022 756 5086 imitatus,
769 5021 839 5089 spond
855 5022 878 5075 ri
891 5023 961 5075 obti-
1012 5022 1178 5084 dellalemre.
1195 5021 1281 5091 inquit
1295 5018 1400 5085 Festus,
1414 5028 1450 5075 est
1465 5016 1542 5072 stulte
1555 5016 1639 5087 loqui,
1664 5031 1724 5070 narn
1740 5016 1801 5087 pit·

175 5102 239 5145 tuere
260 5090 361 5159 necuit,
379 5093 404 5145 id
431 5094 603 5148 mendacibus
622 5091 699 5146 luctis
718 5092 830 5145 dictisve
853 5093 960 5161 assequi
1013 5114 1060 5152 κας
1078 5094 1175 5147 stultos
1192 5103 1288 5145 irruant
1303 5090 1410 5144 Greci:
1431 5090 1492 5143 binc
1508 5088 1659 5143 blaterones
1673 5095 1736 5141 sunt
1756 5084 1801 5137 lto·

174 5171 303 5216 conatur:
320 5161 400 5226 aruod.
414 5162 571 5231 iutqtuiebnrrt
583 5172 696 5225 seleuco.
710 5162 772 5216 sidio
786 5161 892 5231 dignum
905 5177 961 5216 urta·
1012 5164 1091 5214 rrtirtes
1112 5162 1138 5214 t'rt
1163 5163 1235 5214 cerba
1255 5161 1375 5232 projeci,
1402 5160 1487 5226 inaruit
1506 5159 1623 5225 Asellius
1641 5158 1660 5211 Ι.
1673 5171 1697 5222 ι,
1713 5170 1738 5210 c.
1756 5154 1801 5237 ¹.⁵=.

175 5230 233 5299 josc
247 5250 254 5287 t
266 5232 388 5300 adeoque
408 5248 457 5287 suo
472 5234 640 5288 alliciendum
662 5234 790 5301 supplico
804 5250 810 5284 ε
826 5233 961 5287 niinionri·
1011 5230 1150 5301 imporluni
1169 5232 1310 5295 locatores,
1330 5232 1372 5299 atti
1395 5230 1466 5284 nullo
1488 5245 1572 5284 reram
1591 5230 1702 5298 pondere
1719 5228 1800 5279 inrum

174 5317 234 5367 nus,
246 5308 282 5357 sit
295 5302 413 5369 boetius,
426 5304 493 5358 oudo
504 5319 591 5359 rerunt
604 5306 638 5357 ita
648 5313 827 5371 prrcpostcrns
838 5303 957 5370 uidetur,
1011 5302 1091 5357 uerbis
1101 5301 1213 5355 lrumidis
1225 5312 1248 5355 et
1259 5302 1416 5371 lapsantibus
1428 5300 1552 5371 diplomat.
1567 5296 1694 5353 Narmani
1705 5304 1801 5379 vocant
1813 5298 1817 5305 '

175 5381 204 5427 ut
213 5372 278 5442 ipsis
292 5373 466 5428 trmntntrntis
479 5374 551 5444 [rarus
565 5375 602 5428 nil
616 5383 712 5427 rrrrcear.
1014 5371 1138 5437 unsar-dm
1150 5386 1200 5425 nco
1220 5372 1255 5425 ito
1270 5372 1358 5439 inepte
1373 5389 1379 5424 :
1395 5372 1441 5437 nui
1455 5372 1525 5426 enim
1541 5368 1691 5437 praecipites
1704 5380 1743 5421 stc
1763 5373 1801 5420 lo·

209 5442 255 5499 59.
271 5442 334 5499 Cam
349 5445 423 5499 libuit
434 5446 529 5499 uiribus
545 5443 604 5517 uti]
622 5444 665 5498 ΙΙΙ.
683 5443 739 5506 Vis,
761 5444 846 5513 innuit
866 5444 963 5498 Bonna·
1015 5454 1141 5511 ouuntur‚
1159 5440 1184 5494 iri
1199 5444 1337 5495 intantium
1352 5442 1445 5507 instar,
1461 5441 1545 5495 salira
1560 5437 1688 5494 effluente
1703 5437 1801 5491 buccas

176 5526 226 5567 nus
239 5527 338 5582 orator,
353 5530 401 5585 pro
415 5517 488 5580 linc..
505 5525 546 5570 cst
558 5532 617 5585 ntiae
634 5513 760 5581 periculo.
775 5526 820 5567 arnt
831 5515 963 5572 decedere
1015 5526 1042 5567 et
1055 5523 1143 5567 restes
1152 5525 1296 5582 aspergere
1308 5512 1408 5566 solent!
1425 5516 1428 5522 '
1808 5534 1811 5539 ·

175 5597 224 5637 nos
237 5586 360 5641 alicunde
381 5588 463 5656 cogit,
477 5596 523 5640 aut
538 5601 576 5654 prr
588 5585 660 5640 bibet
678 5586 805 5640 accedere
821 5604 828 5638 ι
842 5595 869 5640 ιι
884 5587 962 5641 buca
1050 5584 1060 5615 ¹
1077 5581 1129 5637 llla
1151 5582 1222 5636 culta
1242 5580 1368 5654 placido]
1390 5580 1558 5653 Philosophia
1571 5580 1691 5661 scilicetp
1703 5578 1801 5649 quippo

176 5653 279 5711 ratione
298 5672 331 5711 eo
354 5662 438 5725 magis
455 5656 570 5712 alienum
584 5666 635 5722 est,
652 5656 732 5724 nuncid,
750 5658 858 5710 trinitatis
873 5672 963 5711 rurum
1016 5668 1075 5720 auae
1085 5654 1203 5708 orrrrrinnr
1216 5667 1305 5707 rerum
1320 5652 1482 5707 moderatrix
1493 5660 1544 5707 est.
1556 5652 1623 5707 ilinc
1634 5666 1735 5720 sapiens
1745 5652 1801 5704 sinc

175 5722 288 5790 sicione,
302 5728 382 5780 atium
397 5727 446 5789 illi,
458 5728 555 5797 qrrilrss
565 5726 677 5781 debatur·
690 5726 887 5795 obscqrrirrm,vi
900 5733 965 5782 sub·
1016 5724 1201 5793 plriiosoubus,
1218 5724 1338 5779 Ciceroni
1352 5738 1377 5777 rt
1388 5723 1481 5789 Tusa„
1496 5726 1518 5776 ts
1527 5731 1565 5779 est
1576 5724 1618 5789 qui
1632 5721 1802 5776 moderatione

174 5790 316 5869 liniantur,
331 5805 360 5853 ut
383 5811 453 5853 nuuc
477 5798 591 5855 dicitur:
605 5797 674 5865 Quos
699 5798 825 5853 irunameri
849 5806 964 5853 arctoam
1016 5802 1039 5849 et
1052 5794 1192 5853 corruentia
1208 5794 1308 5870 potietur
1320 5795 1404 5851 lanima
1418 5804 1473 5865 est,
1487 5794 1584 5867 siiipuc
1597 5794 1652 5864 lpse
1669 5796 1800 5867 placatus,
