3906 6180
638 316 640 323 '
742 339 796 395 sn.
817 336 920 394 aaut.
940 334 1017 392 sur.
1037 319 1188 390 uourrrS.

954 447 1149 510 Aeommearet,
1164 460 1214 497 aon
1228 442 1280 494 aisa
1292 440 1437 495 collectione
1460 453 1535 506 quarn
1544 437 1581 488 aei
1593 434 1784 489 incommodum

668 990 670 995 ⁴
702 941 721 995 G

152 1034 197 1092 Sic
211 1032 369 1102 Campanus.
398 1029 450 1086 Sed
466 1039 491 1083 at
506 1031 531 1082 in
546 1045 594 1100 qao
614 1028 685 1101 nobis
701 1030 784 1083 minas
798 1036 864 1081 recte
883 1041 941 1082 sea-

151 1130 215 1183 sisse
237 1125 368 1190 uideatur,
389 1123 491 1193 [acihus
512 1122 637 1193 percipias
667 1138 751 1192 qraaoa
772 1120 889 1190 quaedam
910 1134 942 1174 ez

153 1216 286 1271 dialectica
299 1214 421 1280 [acritate
432 1213 526 1283 partim
540 1221 697 1281 prenotate,
711 1212 802 1283 partim
814 1210 942 1264 internris·

151 1324 208 1362 sere
220 1316 329 1376 oportet.
346 1305 413 1359 Sunt
432 1304 510 1375 iqitar
528 1304 554 1357 in
568 1291 636 1357 orrrrri
650 1303 788 1373 quastione
804 1302 840 1372 (at
853 1300 943 1354 Ptriio·

152 1400 233 1472 sopho
248 1400 273 1472 in
287 1395 419 1468 postremis
431 1397 566 1467 aaaiqticis
582 1394 675 1466 piacet)
688 1396 750 1458 duo,
761 1409 869 1462 qnorum
882 1393 945 1446 aite-

152 1507 211 1546 rura
231 1490 319 1544 datum
333 1500 387 1554 est,
413 1488 545 1557 quaesitam
564 1488 688 1551 aiteram,
710 1485 778 1539 atsi
796 1468 904 1549 positum
917 1499 944 1536 cn

65 1630 67 1634 Α
152 1583 292 1654 questione
307 1581 384 1651 {sterit
399 1597 432 1635 an
445 1581 535 1634 coeiunr
549 1580 637 1632 dotans
648 1587 696 1643 est,
707 1578 752 1631 seri
763 1593 796 1629 aa
807 1575 945 1629 rotundam

152 1675 185 1729 sit
199 1675 329 1739 quaritur.
344 1672 376 1727 At
390 1669 535 1742 Conrpanns
549 1669 680 1741 proposita
694 1669 846 1723 theoremata
860 1667 886 1719 in
899 1664 946 1718 ria·

141 1755 208 1819 'tarn
225 1774 301 1836 atque
314 1765 448 1834 quaesitam
463 1777 619 1832 nequaquam
634 1768 701 1814 recte
717 1758 822 1813 saisisse
835 1757 942 1810 uidetur.

154 1856 226 1913 Nam
243 1857 270 1910 in
285 1855 369 1926 priore
383 1853 536 1908 theoremate
550 1855 672 1924 majorem
686 1849 807 1921 anquiarn
819 1849 867 1903 sibi
887 1848 944 1902 dari

155 1948 281 2018 postuiat,
304 1955 327 2000 et
341 1945 447 2000 subinde
464 1945 554 2016 quasit
578 1960 612 1997 an
634 1941 673 1997 iiii
692 1944 775 2014 majas
801 1942 869 1997 iatas
887 1942 945 1997 site

155 2042 257 2108 reqione
270 2035 442 2091 constitutum.
453 2032 596 2105 Contraque
607 2034 634 2088 in
646 2034 784 2102 posteriore
797 2036 880 2104 majus
890 2048 946 2100 qur-

155 2111 213 2183 dem
230 2127 296 2181 tatas
311 2125 368 2178 dari
382 2126 451 2192 nuit,
467 2142 499 2178 an
514 2141 571 2180 atro
589 2126 620 2178 sit
637 2109 729 2196 mojori
743 2122 839 2194 aaqaio
857 2123 944 2177 obuer-

156 2219 324 2290 merquard,
340 2217 407 2288 qnod
421 2225 510 2271 contra
521 2216 667 2288 facieadmn
677 2224 726 2270 est.
743 2214 812 2268 iiiam
826 2215 905 2285 quivis
919 2231 947 2269 sn

156 2309 292 2364 dialectico
304 2323 359 2362 meo
370 2307 471 2378 quidem
482 2307 607 2362 serrtcntia
616 2305 655 2360 uei
665 2305 824 2360 mediocriter
833 2305 947 2360 eruditus

157 2393 233 2478 {aciie
245 2399 333 2454 uidere
341 2407 438 2470 potest,
453 2399 479 2452 in
492 2413 523 2452 eo
542 2396 695 2452 theoremate
710 2412 759 2466 qao
775 2386 857 2450 omnis
868 2397 948 2450 trisn-

157 2488 212 2561 qaii
223 2488 324 2559 ionqias
334 2487 400 2543 intas
412 2489 504 2562 rrrajori
516 2489 611 2558 anquio
624 2499 712 2543 contro
725 2486 878 2558 respondere
888 2503 948 2560 pro-

158 2580 272 2650 ponitur,
293 2579 393 2651 ioaqius
404 2579 505 2650 quidem
520 2581 587 2634 iatus
601 2579 724 2650 trianqaii
738 2579 795 2633 dari
809 2577 948 2652 subjieiqae

159 2680 285 2744 oportere,
301 2688 334 2726 aa
348 2687 407 2726 uero
420 2672 513 2741 majori
525 2670 620 2743 anquio
640 2671 672 2726 sit
685 2686 699 2725 e
712 2670 815 2740 reqione
826 2670 948 2739 positum,

159 2765 239 2834 quoeri
251 2781 283 2819 ac
295 2764 439 2845 predicari.
461 2749 604 2834 Contraque
621 2764 648 2818 in
666 2777 785 2817 conuerso
800 2761 950 2817 theoremate

159 2861 281 2931 majorem
301 2857 404 2928 quidem
422 2857 544 2927 anputam
557 2853 661 2910 concedi
670 2895 678 2922 ,
698 2853 797 2925 ionqius
811 2867 867 2907 uero
882 2852 950 2906 iatas

160 2950 264 3018 inquiri.
279 2948 317 3002 Ob
329 2950 375 3002 hoc
389 2965 447 3002 uero
462 2957 591 3018 qeecatnm
605 2930 766 3001 consecutura
780 2952 831 3010 est,
844 2953 868 2999 et
879 2943 950 3000 abiud

161 3040 235 3111 ionqe
256 3042 350 3114 nrajas.
372 3037 480 3093 Nuiiurn
500 3039 567 3092 eninr
585 3052 617 3092 ers
632 3036 769 3108 propositis
788 3035 950 3091 theorematis

161 3125 950 3200 assertorisdemonstrationeCampanusartraeit,sedutram·

162 3236 210 3292 que
218 3222 252 3275 ad
259 3221 445 3276 inconrmos'anr
455 3221 559 3276 ducente
569 3218 761 3288 oereatuqaart
768 3218 793 3271 in
803 3217 950 3289 qconretria,

163 3310 205 3366 ubi
219 3311 276 3380 fieri
288 3321 380 3382 potest,
392 3311 431 3365 oei
443 3311 553 3366 nrauimc
562 3295 698 3364 ¹uitandum*
708 3317 754 3374 est,
770 3306 797 3360 iu
810 3323 859 3377 qua
871 3287 952 3362 sohrrt

163 3404 386 3457 demonstrationes
401 3402 490 3469 afferri
512 3417 544 3456 ea
564 3399 691 3472 primitur
708 3399 894 3469 notioribusque
906 3384 953 3452 nu·

163 3500 239 3557 tura,
246 3508 296 3545 noa
308 3492 378 3546 nobis
389 3493 473 3558 modo,
481 3489 568 3560 quates
578 3501 637 3545 sunt
647 3504 704 3561 qua
713 3490 856 3544 assaturae
865 3497 953 3543 recta·

163 3599 212 3654 que
228 3583 402 3654 appeiiantur.
420 3582 505 3653 iiup'us
517 3598 575 3638 oero
589 3584 668 3637 errati
680 3583 751 3653 oriqo
763 3590 838 3651 atque
852 3581 953 3634 initiam

163 3674 311 3747 hujusmodi
324 3675 383 3745 [uit.
396 3674 467 3729 Naar
478 3672 624 3744 Campanus
637 3673 717 3745 priori
727 3672 876 3729 theoremati
886 3688 954 3742 pree·

163 3770 314 3826 dicationem
327 3779 420 3839 prater
432 3778 550 3822 naturam
562 3768 642 3832 dedit,
656 3766 779 3836 maiorem
793 3765 859 3822 enim
869 3781 953 3836 anqu-

163 3861 217 3916 ium
229 3862 353 3934 triatrquii
364 3863 476 3933 subjicit,
488 3868 511 3916 et
529 3851 651 3932 predicat
663 3858 763 3929 ionqias
774 3858 857 3924 iatas,
872 3857 953 3926 siqui·

164 3952 221 4007 dens
242 3955 269 4008 in
290 3955 359 4009 omni
374 3955 512 4026 quastione
530 3952 657 4025 srrbp'estas
679 3951 801 4005 terminat
820 3960 872 4016 ert,
885 3949 955 4015 quod

164 4041 239 4094 datar
251 4042 415 4111 praedicatas,
431 4043 499 4110 qaod
509 4047 641 4110 quaritur.
660 4038 707 4096 Est
726 4051 809 4096 autem
823 4041 894 4111 prius
909 4055 954 4109 per

164 4139 283 4184 naturam
306 4130 460 4200 triarrqutarn
479 4133 560 4186 iatera
580 4132 687 4197 habere,
711 4145 810 4202 quoque
828 4126 953 4199 anquios,

165 4237 224 4273 nom
240 4226 272 4273 ru'
284 4220 390 4274 interam
407 4220 515 4274 coitione
528 4222 618 4289 anquii
637 4220 763 4289 proficisci
779 4219 955 4288 procreariqus

164 4310 341 4380 intciiiquntar
349 4327 358 4376 ,·
372 4312 416 4381 qui
435 4311 512 4381 iqitur
525 4310 626 4381 subjicit
643 4309 766 4380 onqaiam
780 4309 917 4379 trianquii,
931 4315 954 4362 et

164 4402 230 4455 iotae
245 4402 377 4468 praedicat,
390 4403 412 4455 is
425 4401 490 4456 iiiud
504 4402 572 4472 qaod
585 4401 659 4456 aiteri
669 4400 778 4466 accidit,
791 4400 846 4467 eius
860 4400 954 4471 predi-

164 4493 258 4544 cationi
279 4491 380 4564 srrbjioit
410 4492 451 4546 cai
470 4491 578 4557 oceidit,
600 4507 631 4545 ac
652 4492 683 4545 ob
703 4491 730 4544 id
745 4491 952 4558 pradicationem

122 4593 126 4606 '
163 4593 345 4650 praeposteram
357 4592 380 4636 et
391 4592 491 4637 natura
500 4583 654 4636 contrariom
669 4583 740 4652 facit.
758 4582 841 4647 eram
854 4584 952 4636 Aristo·

164 4671 225 4725 teies
237 4682 280 4725 aut
296 4675 370 4727 sororio
382 4673 587 4743 praedicationem
600 4682 682 4728 censet
694 4673 893 4744 appeiiandam,
909 4681 955 4726 out

164 4764 369 4829 pradicationem
379 4767 480 4836 quidem
489 4783 539 4820 non
550 4765 706 4835 simpliciter,
719 4765 762 4818 sed
773 4781 817 4834 per
827 4765 955 4830 accitana

90 4866 118 4913 .’
164 4856 207 4909 abi
219 4855 296 4926 iqitar
307 4857 456 4926 pradicatio
471 4867 563 4924 preter
576 4867 694 4910 naturam
708 4857 814 4911 habetur
832 4866 876 4911 aut
891 4858 957 4927 diffi-

164 4946 225 5011 riie,
238 4956 282 5000 ant
293 4955 359 5000 certe
374 4947 528 5020 impossibiie
541 4958 576 5001 est
590 4948 753 5002 assertoriom
764 4949 957 5003 denronrtratio·

164 5052 221 5090 nem
231 5039 431 5092 accommodare.
445 5035 477 5092 in
487 5039 664 5109 hujuscemodi
675 5054 784 5108 transque
795 5039 953 5094 demonstra-

164 5133 231 5186 tione
249 5149 347 5188 necesse
360 5142 396 5186 est
410 5142 433 5186 et
446 5133 551 5203 majoris
563 5133 727 5187 extremitatis
737 5148 794 5203 quae
808 5134 833 5186 in
848 5134 951 5188 concin-

1713 318 1783 375 ibhi

990 537 1096 593 ducente
1119 536 1237 591 astruxit.
1261 535 1342 606 Atque
1364 535 1400 589 ita
1422 532 1521 587 nuiiom
1540 531 1785 585 demonstrationem

990 635 1084 682 rectam
1103 626 1313 689 assertorianrque
1326 623 1361 676 ari
1377 639 1406 677 ea
1419 637 1477 689 que
1497 621 1606 675 dicimus
1628 618 1786 675 rtreoreane

991 716 1135 788 coiiiqenda
1154 714 1299 783 Campanas
1324 714 1455 782 adhibuit,
1476 712 1545 784 qaod
1564 719 1649 764 tamen
1673 711 1785 780 oportuit

992 825 1048 862 cunr
1060 809 1114 880 ipsa
1128 809 1160 862 rit
1169 816 1203 861 ad
1216 806 1403 861 incommodant
1413 796 1520 858 ducente
1529 805 1623 872 potior.
1637 801 1702 856 iiaec
1715 814 1783 869 sunt,

991 900 1027 952 sni
1038 897 1148 966 Donate,
1159 913 1226 967 qua,
1237 906 1360 968 quantam
1374 896 1408 950 sd
1419 895 1550 965 proposita
1559 893 1716 947 theoremata
1725 894 1784 946 atti·

992 1000 1044 1056 net,
1051 992 1078 1044 irs
1087 989 1218 1061 Campano
1227 988 1442 1061 reprehendenda,
1450 987 1605 1051 censuimus,·
1616 985 1663 1040 sed
1669 987 1722 1040 bac
1730 1001 1785 1055 qaoe

992 1081 1074 1135 stricti
1088 1065 1287 1149 disputavimus,
1310 1076 1368 1132 iiior
1383 1093 1433 1132 noa
1449 1087 1535 1131 esacte
1556 1075 1728 1146 sabtiiiterqrre
1744 1075 1784 1128 irr-

992 1171 1136 1226 teiiertaros
1151 1169 1299 1234 certeseia,
1315 1170 1360 1240 qai
1374 1176 1513 1238 postumus
1527 1166 1671 1236 arraiqtieos
1684 1167 1781 1220 Aristo-

994 1263 1049 1316 teiss
1064 1277 1113 1314 noa
1126 1260 1319 1333 diiiqentirrinre
1333 1259 1451 1337 ieqeriut3
1467 1258 1601 1326 iieiiquanr
1615 1259 1688 1327 iqitsrr
1700 1266 1737 1310 est
1752 1264 1780 1309 at
1796 1260 1801 1268 '

993 1352 1039 1405 iiia
1054 1352 1111 1421 ipsa
1131 1350 1284 1404 theoremata
1306 1347 1533 1418 (quenadmodum
1550 1347 1657 1415 poiiiciti
1678 1346 1780 1415 sarnus)

921 1482 927 1494 .
994 1443 1209 1506 demonstremus,
1234 1438 1353 1491 traducta
1368 1447 1452 1490 tanuen
1471 1436 1556 1507 prius,
1582 1445 1609 1490 at
1630 1438 1784 1491 traducendo

994 1538 1074 1583 erant.
1098 1529 1229 1586 Soiaenras
1244 1528 1323 1598 iqitnr
1338 1535 1360 1580 et
1375 1525 1548 1595 separabimus
1565 1527 1695 1579 theorema
1715 1529 1783 1593 prin-

994 1621 1077 1690 cipaie
1086 1622 1112 1674 in
1122 1621 1210 1673 datum
1220 1628 1296 1690 atque
1305 1619 1448 1689 quaesitans,
1463 1628 1490 1672 at
1500 1625 1610 1686 oportet,
1623 1629 1647 1671 et
1659 1618 1784 1688 adipsum

996 1712 1161 1767 astruendam
1179 1711 1314 1764 assertoris
1333 1710 1548 1764 demonstratione
1570 1718 1681 1763 utemur.
1699 1707 1785 1762 Poste·

960 1799 1050 1859 Brias
1069 1819 1126 1857 uero
1142 1802 1285 1870 theorema,
1301 1801 1370 1871 quod
1384 1800 1418 1854 ad
1433 1800 1574 1870 principale
1590 1799 1714 1862 recurrit,
1731 1814 1785 1853 saur

996 1885 1206 1964 pradicationem
1225 1900 1316 1962 prater
1339 1898 1459 1944 natarum
1484 1892 1607 1945 sortiatur
1629 1889 1787 1944 demonstro·

927 2032 932 2044 .
997 1988 1065 2040 tione
1080 1984 1114 2038 ari
1128 1983 1317 2038 incommodum
1332 1982 1484 2053 perducente
1504 1981 1611 2034 breuiter
1631 1982 1789 2051 eoiiiqemss.

998 2077 1231 2133 Demonstrationis
1241 2076 1320 2146 iqitur
1335 2075 1404 2144 ipsas
1414 2075 1588 2144 aqqreaimsrr,
1605 2072 1718 2126 intende.

922 2215 928 2225 .
1032 2170 1126 2225 Omnis
1141 2166 1265 2238 trianguli
1284 2167 1372 2236 majus
1386 2166 1454 2221 istus
1469 2164 1520 2220 sub
1540 2164 1645 2232 majore
1659 2163 1755 2234 anguto

1235 2301 1237 2305 ἲ
1305 2236 1483 2315 protenditur.

1034 2334 1076 2390 sa
1086 2334 1152 2389 enirn
1165 2332 1322 2416 trienquium
1336 2332 1358 2385 A
1368 2331 1389 2385 Β
1399 2331 1419 2386 G
1428 2329 1523 2384 habens
1534 2329 1605 2384 iotas
1616 2328 1684 2398 quod
1693 2326 1757 2382 ertA
1768 2326 1786 2380 G

999 2428 1084 2497 atejus
1105 2442 1135 2480 eo
1153 2426 1232 2480 intere
1251 2425 1320 2495 quod
1343 2433 1379 2478 est
1394 2420 1461 2492 AB,
1485 2422 1526 2475 aio
1550 2419 1672 2492 anquiurn
1691 2432 1785 2488 quoque

1000 2520 1053 2576 AB
1065 2520 1084 2576 C
1097 2521 1144 2574 sub
1159 2537 1208 2590 qao
1224 2520 1290 2575 iatas
1302 2517 1353 2574 AC
1366 2515 1525 2590 protenditur
1540 2516 1663 2586 maiorem
1676 2528 1726 2567 esse
1739 2528 1786 2565 an·

999 2614 1059 2684 quio
1074 2610 1127 2667 BC
1139 2611 1171 2680 A,
1184 2611 1225 2666 ossi
1240 2622 1331 2664 contra
1346 2609 1478 2681 respondet
1492 2605 1562 2660 iatas
1573 2607 1594 2660 A
1606 2602 1630 2658 Β
1636 2621 1645 2668 ;
1661 2618 1718 2656 nom
1729 2603 1790 2673 quio

939 2741 943 2749 -
997 2706 1083 2774 merjau
1104 2713 1141 2759 ert
1158 2704 1225 2758 iatas
1242 2700 1292 2758 tc
1311 2717 1386 2771 qnam
1401 2698 1469 2768 AB,
1489 2699 1660 2752 constituatur
1675 2695 1722 2764 ipsi
1736 2691 1791 2747 tu

1000 2797 1099 2868 aqnaie
1112 2795 1194 2866 ipsam
1210 2793 1231 2847 A
1243 2792 1275 2857 Β,
1292 2801 1316 2846 et
1330 2791 1493 2864 protrqiratar
1508 2790 1592 2858 ipsam
1605 2784 1629 2840 Β
1640 2783 1662 2839 Β
1677 2784 1751 2845 taur,
1764 2791 1788 2837 et

1000 2889 1120 2957 quoniam
1135 2886 1257 2958 trianquii
1270 2884 1337 2956 quod
1354 2882 1377 2936 Β
1391 2881 1411 2936 Β
1423 2881 1453 2947 C,
1470 2881 1580 2936 exterior
1592 2877 1704 2948 anquira
1718 2874 1788 2929 estis

1001 2978 1042 3049 qai
1055 2988 1091 3033 est
1109 2975 1204 3045 ADB,
1217 2977 1300 3047 major
1311 2975 1395 3041 utique
1415 2974 1461 3026 erit
1476 2971 1582 3024 interior
1595 2978 1621 3023 et
1635 2983 1667 3023 eu
1686 2966 1791 3021 aduerso

1002 3072 1137 3127 constituto
1162 3068 1257 3142 anquio
1281 3065 1380 3130 utu,
1405 3064 1509 3132 aquatis
1534 3078 1592 3118 rere
1621 3069 1657 3115 cst
1679 3057 1791 3129 anquina

965 3168 988 3231 C
1005 3169 1024 3218 A
1038 3164 1059 3218 i)
1069 3163 1090 3219 Β
1104 3162 1153 3233 ipsi
1167 3159 1221 3215 AB
1233 3158 1255 3213 Β
1270 3159 1376 3232 anquio,
1389 3174 1449 3212 nam
1462 3158 1529 3211 iatns
1544 3169 1642 3225 qaoque
1654 3151 1674 3205 t
1685 3148 1706 3203 Β
1717 3149 1789 3204 iateri

1002 3256 1023 3310 A
1036 3254 1058 3310 Β
1073 3270 1172 3322 aqarrm
1189 3262 1250 3308 erat.
1264 3251 1351 3322 biajor
1365 3251 1449 3316 itaque
1462 3258 1499 3303 est
1510 3244 1623 3318 auqaius
1639 3241 1692 3299 AB
1705 3240 1792 3311 Dipso

1002 3344 1088 3401 ΑΕΒ
1102 3345 1214 3414 aanio,
1231 3344 1311 3396 struito
1325 3343 1403 3411 iqitar
1419 3344 1500 3411 nrajor
1517 3339 1565 3392 eris
1585 3335 1695 3406 anqaiar
1709 3333 1729 3386 A
1742 3330 1792 3385 att

1002 3440 1096 3510 anquio
1121 3433 1216 3491 ACB.
1242 3433 1331 3488 iirrrnis
1356 3434 1435 3504 iqitur
1468 3426 1590 3502 trianqaii
1619 3427 1705 3496 nrajns
1728 3424 1800 3485 iatus

1002 3528 1049 3583 sub
1071 3528 1169 3600 majore
1189 3527 1283 3599 anquis
1305 3525 1488 3599 protenditur:
1508 3521 1575 3593 qnod
1597 3519 1731 3590 oportebat
1751 3514 1793 3568 ds·

1002 3631 1152 3673 monstrare.

1389 3771 1410 3819 lt

1205 4299 1223 4349 C
1303 4300 1324 4348 D
1583 4295 1603 4343 A

1041 4423 1134 4479 Onnr'rs
1154 4421 1277 4492 trianguli
1293 4420 1343 4476 sab
1363 4420 1462 4485 majore
1477 4418 1577 4490 unquis
1591 4417 1680 4488 majus
1693 4417 1763 4472 istus

1315 4489 1493 4562 protenditur.

1043 4586 1084 4642 Sit
1098 4584 1255 4657 trionquiam
1270 4583 1291 4636 A
1303 4581 1354 4637 Bi)
1369 4584 1492 4654 majorem
1507 4580 1603 4635 itabens
1619 4582 1639 4634 A
1651 4576 1704 4633 BC
1718 4593 1796 4646 unqu·

1007 4681 1059 4734 ium
1075 4694 1104 4734 eo
1116 4680 1160 4750 qui
1174 4687 1209 4733 est
1224 4675 1319 4732 act.
1339 4678 1387 4731 Aio
1405 4675 1472 4729 iatus
1495 4678 1595 4744 qaoque
1614 4672 1667 4728 tc
1676 4675 1732 4742 ipso
1747 4669 1797 4724 iii

1008 4770 1086 4824 intem
1099 4759 1185 4842 majas
1200 4784 1272 4832 esse,·
1291 4784 1350 4820 nsnr
1368 4769 1389 4820 si
1408 4769 1491 4837 nsop'as
1509 4765 1622 4828 nonsit,
1640 4774 1683 4817 aut
1703 4763 1797 4830 equare

1008 4863 1054 4916 erit
1071 4862 1154 4932 ipsam
1172 4860 1223 4914 tc
1237 4861 1287 4929 ipsi
1302 4861 1321 4912 A
1334 4858 1363 4921 Β.
1378 4868 1421 4912 aut
1441 4858 1525 4912 asinus
1541 4857 1729 4927 aquicinense
1746 4867 1795 4905 nen

1008 4963 1045 5006 est
1062 4952 1145 5023 ipsum
1164 4949 1215 5005 tc
1230 4951 1279 5017 ipsi
1295 4948 1358 5011 ΑΒ,
1375 4949 1480 5018 aquatis
1496 4948 1562 5001 enim
1577 4947 1644 5014 toret
1660 4946 1732 4998 etiem
1752 4958 1800 4995 un·

1007 5044 1081 5114 quius
1097 5041 1147 5096 tu
1158 5041 1178 5098 G
1192 5043 1287 5112 un'quio
1302 5045 1323 5095 A
1333 5041 1353 5097 G
1364 5039 1384 5094 Β
1397 5057 1408 5094 .·
1422 5041 1493 5111 atqui
1508 5052 1559 5094 uon
1575 5047 1642 5101 erm,
1660 5053 1711 5090 nors
1721 5036 1802 5105 iqitar

1007 5135 1105 5204 aquaie
1132 5144 1169 5189 est
1200 5137 1282 5203 ipsam
1303 5135 1324 5190 A
1335 5131 1355 5188 C
1372 5132 1440 5187 iatus
1459 5133 1509 5200 ipsi
1530 5134 1552 5184 A
1563 5129 1587 5183 Β
1605 5129 1689 5184 hateri.
1713 5127 1804 5196 Neque

164 5225 235 5277 sione
247 5226 412 5294 praedicatur,
429 5234 453 5279 et
468 5224 561 5279 arinori
575 5223 742 5294 extremitati,
755 5240 813 5295 quac
826 5226 852 5280 in
866 5227 955 5282 eadem
1008 5239 1067 5277 uero
1082 5223 1165 5277 ursinus
1184 5233 1221 5277 est
1236 5225 1320 5293 ipsrnrr
1338 5221 1390 5276 tc
1405 5223 1460 5293 ipso
1474 5225 1495 5274 ,ι
1506 5220 1539 5287 Β,
1557 5222 1641 5275 minor
1655 5220 1722 5273 enim
1737 5219 1804 5287 toret

163 5314 309 5387 subjicitur,
325 5333 428 5372 causans
441 5333 495 5372 esse
515 5317 635 5372 mediam.
659 5319 692 5372 At
711 5317 769 5386 fieri
788 5303 860 5372 natio
879 5319 956 5372 modo
1011 5316 1120 5390 anqnius
1134 5316 1215 5374 tac
1227 5319 1322 5388 anpaio
1338 5315 1522 5388 ACB:atqsa'
1540 5333 1593 5370 nors
1607 5325 1680 5381 eret;
1694 5315 1805 5386 riiqitsr

164 5419 246 5477 potest
271 5420 299 5464 nt
316 5413 339 5464 ei
362 5411 430 5480 qaod
451 5411 543 5464 accidit
567 5411 622 5481 ejas
647 5408 688 5462 cni
712 5409 804 5463 accidit
824 5408 957 5480 quippiam
1010 5409 1091 5462 minas
1107 5418 1144 5464 ert
1159 5411 1242 5480 ipsam
1258 5414 1279 5464 ,t
1291 5410 1311 5464 C
1325 5410 1392 5464 iatas
1404 5408 1459 5479 ipso
1472 5408 1495 5462 A
1506 5406 1528 5460 Β
1542 5409 1633 5473 tatere,
1647 5407 1804 5461 demonstro·

165 5515 302 5557 ruusaesse
311 5512 449 5559 statuatur.
462 5500 514 5556 iiic
523 5510 628 5555 coortus
637 5509 674 5554 est
684 5498 863 5572 Conspenasin
873 5501 958 5568 priore
1010 5510 1063 5552 tam
1078 5485 1164 5552 a'rrtem
1179 5511 1214 5554 est
1225 5516 1304 5568 neque
1318 5502 1416 5570 aqnaie
1429 5499 1468 5553 iiii
1479 5516 1542 5565 esse,
1559 5502 1647 5570 majus
1661 5499 1747 5567 itaque
1759 5494 1804 5550 seii

164 5590 332 5658 theoremate,
353 5595 422 5659 quod
440 5594 467 5647 in
487 5595 575 5648 datum
595 5603 669 5664 atque
688 5594 824 5663 quaesitam
843 5593 958 5663 imperita
1010 5593 1093 5662 ipsura
1113 5590 1164 5643 tt·
1179 5593 1243 5645 iutrrs
1262 5589 1600 5660 perseuerantissime
1620 5589 1704 5659 iqitur
1724 5588 1803 5641 trisa-

166 5681 294 5746 reenissct,
310 5683 525 5740 riernonstratione
538 5686 574 5739 uti
585 5685 619 5738 ad
632 5684 822 5739 incommodant
836 5685 956 5748 ducente,
1009 5685 1064 5754 quii
1075 5682 1120 5736 sub
1135 5683 1234 5748 snap'orc
1247 5684 1343 5751 anqntu
1360 5683 1441 5752 sossius
1457 5684 1524 5737 butus
1543 5680 1717 5751 protenditur,
1734 5675 1801 5744 quod

167 5775 188 5816 rt
199 5770 328 5836 qaiaittari
339 5773 442 5839 patabat
454 5777 595 5844 principato
605 5757 741 5844 posterius,
750 5776 819 5845 qaod
830 5776 959 5846 adipsum
1012 5772 1139 5848 oportebat
1150 5777 1224 5826 darno
1242 5783 1334 5827 strare.
