3906 6180
119 309 169 364 909
570 306 757 364 tttttttthhhtt
777 307 820 360 ht
840 304 1022 361 abtttcohAE
1039 303 1297 359 cbhthehthttth.
1696 310 1746 367 910

119 422 158 474 rio
171 435 268 476 nomen
281 423 335 486 εει)
360 422 444 476 bonas
463 423 535 475 artes
551 419 644 474 audaci
657 420 696 490 (ut
717 420 803 489 inquit
824 417 907 471 liora·
924 421 948 477 ,ι
962 415 1039 484 iuajus
1063 418 1180 484 generis,
1208 416 1305 470 laedere
1334 426 1459 484 possunt,
1476 432 1525 472 nos
1545 433 1623 487 uero,
1641 421 1692 478 huc
1705 432 1746 477 est

118 511 181 581 tius)
202 518 358 581 paupertate
390 510 534 580 impulsus,
552 524 605 563 non
627 508 769 563 inlelicitcr
789 508 906 577 proliteri
960 517 1075 562 utentem
1109 517 1242 566 nostram.
1263 521 1342 575 quem
1373 517 1413 561 cst
1438 509 1656 575 praestantissima
1684 526 1745 581 pars

116 603 259 670 coepissem
283 600 413 656 benehcio
435 601 546 656 loannis
560 599 662 664 Grovii,
677 599 904 663 Monasterieusls,
959 597 1055 662 nostri,
1070 597 1170 652 laderc
1186 612 1238 650 non
1250 606 1370 666 pessunt.
1386 596 1531 651 hantcona.

117 692 167 746 viri
192 705 257 745 saue
280 706 360 759 qnam
388 690 518 755 litterati,
544 699 572 746 et
597 690 723 745 omnibus
749 688 905 744 liberalibus
994 686 1397 757 Qttisquislldestquicunque;
1413 686 1746 755 hujusruodienimdictio·

116 783 237 852 apprime
250 780 397 849 disciplinis
420 780 528 845 eruditi,
542 782 771 851 plurimorumque
786 779 905 835 doctoris
959 792 1007 831 nes
1020 775 1162 845 geminatae
1187 777 1238 831 hoe
1257 777 1342 846 ipsum
1364 776 1525 846 significant,
1538 778 1607 844 quod
1621 796 1680 834 cum
1696 782 1746 840 bac

117 870 306 944 laudatissimi,
323 885 354 924 ac
369 871 410 925 uel
425 871 547 941 longiore
561 871 625 936 uita,
642 871 684 925 vei
696 870 906 925 minusmisera·
957 866 1084 934 particula
1113 879 1218 937 cunque
1242 865 1403 935 conjunctae.
1427 867 1460 922 Ut
1483 867 1623 924 Terentius
1645 871 1671 925 iu
1692 873 1746 928 En-

118 964 164 1017 hili
178 961 270 1017 mortis
284 960 470 1031 generedigni,
485 970 664 1031 peruenerunt
677 962 704 1016 in
720 976 815 1016 manus
831 975 905 1016 meas
957 958 1038 1012 nuch.
1056 974 1063 1009 t
1079 956 1119 1011 tu
1141 967 1257 1026 quantus
1275 967 1391 1026 quiantus
1408 973 1447 1024 es,
1470 959 1496 1012 id
1510 972 1552 1015 εει
1566 973 1746 1030 quantuscun-

118 1053 219 1120 aliquot
246 1053 347 1120 paginae
369 1050 490 1121 liodophi
512 1051 642 1119 Agricolae
662 1051 758 1115 Frisii,
773 1050 824 1106 viri
849 1060 904 1106 tunt
957 1063 1048 1116 quees
1061 1066 1068 1102 ι
1083 1057 1111 1104 ει
1128 1049 1154 1103 in
1174 1050 1268 1103 eadem
1287 1050 1437 1115 comoedia,
1457 1051 1506 1106 Ubi
1524 1053 1567 1106 uhi
1590 1064 1640 1119 cst,
1663 1055 1746 1113 idest

118 1143 287 1209 doctissimi,
308 1151 363 1197 tum
385 1142 621 1212 eloquentissimi,
647 1143 674 1197 ia
697 1144 903 1213 subsequentem
957 1140 1109 1210 ubicunque
1124 1149 1175 1194 est.
1192 1144 1337 1195 Aeatcoua.

117 1234 194 1304 primi
210 1235 290 1303 huius
306 1234 366 1289 libri
383 1235 493 1302 partcm'
508 1235 623 1307 (ultimo
637 1236 755 1290 carmine
771 1233 904 1305 excepto)
990 1233 1154 1308 Composita]
1174 1235 1341 1305 componere
1367 1237 1509 1304 aliqnando
1539 1236 1681 1304 ordinare,
1702 1240 1745 1296 vel

117 1326 302 1380 enarrationes
313 1325 809 1395 autographascosrtinentes,quasillc
821 1339 905 1396 quoa·
955 1338 1028 1384 recte
1041 1330 1181 1385 instituere
1201 1329 1341 1399 significat,
1358 1341 1386 1382 ut
1404 1330 1454 1385 hoc
1470 1331 1528 1384 loco
1548 1349 1554 1382 ε
1576 1341 1603 1386 ει
1616 1331 1744 1403 Virgilius

118 1416 179 1471 dam
194 1415 336 1486 Groningue
362 1417 506 1485 scripserat
526 1426 617 1487 rogatu
638 1416 772 1471 lamberti
789 1415 905 1471 Gronin·
955 1421 982 1474 in
994 1422 1080 1489 primo
1097 1419 1242 1474 AEaeidos:

118 1506 217 1576 gensis.
233 1505 371 1560 medicinae
382 1504 509 1572 doctoris,
524 1507 649 1576 singulari
662 1518 687 1561 et
702 1507 823 1561 doctrina
835 1523 903 1574 prae-
1047 1530 1076 1580 p,
1089 1531 1186 1580 „mem
1196 1529 1288 1591 placida
1300 1539 1436 1591 fflmposws
1447 1545 1506 1593 pm
1518 1534 1630 1594 quw,

118 1595 165 1651 diti
176 1604 204 1651 et
216 1596 400 1665 experientia,
414 1611 474 1650 carm
488 1597 528 1665 (ut
543 1613 575 1650 ex
596 1612 628 1650 eo
644 1597 724 1651 insudo
740 1597 904 1652 familiariter
957 1612 1108 1685 ggqqaudo
1121 1613 1252 1682 significa,
1265 1627 1370 1682 pacare·
1387 1613 1511 1682 ggfgjqu,
1527 1616 1552 1667 a„
1565 1613 1672 1668 mg:

118 1685 225 1757 accepi)
236 1688 262 1742 in
275 1688 360 1756 patria
374 1702 420 1741 sua
436 1688 564 1742 librorum
579 1687 613 1743 ιιε
641 1687 822 1756 Philosophiae
835 1687 903 1742 Con·
1047 1702 1100 1752 tto„
1113 1708 1221 1752 nostrum
1234 1705 1298 1753 inter
1310 1717 1352 1752 ,109
1364 1711 1443 1754 [antas
1455 1717 1603 1767 componere
1617 1705 1679 1756 me„

119 1779 250 1832 solatione
264 1777 478 1846 explanationem
498 1777 661 1848 auspicatus,
678 1778 709 1831 ad
734 1779 784 1832 hoc
796 1792 903 1832 carmen
921 1768 1105 1857 ngqua'mgo
1118 1800 1285 1856 comparare,
1302 1786 1372 1842 ptem
1389 1790 1414 1839 in
1431 1790 1537 1843 gumi„

122 1871 302 1938 peruenisset.
322 1871 446 1938 Quisquis
459 1870 607 1938 composito
633 1885 744 1925 serenus
767 1885 834 1925 aevo.
848 1869 906 1938 Quo
1049 1877 1089 1928 Sic
1102 1878 1182 1941 paruis
1194 1889 1340 1937 componere
1352 1891 1438 1938 magna
1451 1879 1567 1928 solebam.

119 1961 216 2017 iactum
240 1969 291 2026 est,
311 1970 338 2014 ιιι
355 1959 416 2014 hinc
430 1960 626 2016 eruditissimus
642 1961 765 2031 Agricola
780 1975 903 2030 sumpse·
956 1960 1107 2030 Aliquando
1117 1960 1289 2030 conjungere.
1307 1959 1428 2013 Persius:

119 2050 155 2104 rit
168 2049 284 2111 initium,
298 2049 397 2118 reliqua
411 2058 570 2104 tractaturus
578 2051 761 2118 opportuniori
775 2060 904 2119 ternpore,
1048 2053 1095 2102 ton
1105 2054 1208 2115 positum
1218 2051 1257 2112 jhs
1269 2051 1354 2111 raeque
1366 2052 1445 2098 animi.

120 2142 145 2195 si
170 2156 217 2210 per
240 2141 305 2195 alias
328 2140 525 2210 occupationes,
548 2151 576 2196 et
598 2141 765 2196 immaturam
793 2152 905 2197 mortem
957 2135 1002 2190 Sic
1015 2135 1131 2190 dicimus
1142 2149 1303 2203 componore
1314 2133 1422 2195 iihrum,
1436 2144 1462 2186 et
1471 2123 1635 2202 componere
1645 2134 1740 2203 iguem.

121 2232 248 2287 licuisset.
262 2231 374 2301 Scripsit
387 2231 524 2301 aliquanto
548 2231 624 2302 plura
639 2233 664 2288 in
680 2234 811 2297 Bnetium,
826 2248 905 2298 quam
957 2230 1102 2282 dssttcott·

120 2324 208 2379 adme
231 2333 420 2394 peruenerunt,
433 2339 492 2394 qum
506 2336 642 2395 receperat
669 2325 733 2380 mihi
749 2325 906 2380 Lambcrtus
993 2313 1151 2386 Serenusld
1175 2316 1292 2371 settnd⁰
1306 2315 1405 2369 dictum
1421 2324 1477 2382 0³1.
1492 2317 1569 2385 1111εεί
1583 2325 1686 2386 1611111111
1698 2330 1742 2370 ²⁰-

120 2416 202 2482 idem,
218 2418 293 2487 cujus
319 2414 399 2470 modo
426 2414 546 2480 memini,
566 2431 596 2470 se
618 2414 861 2480 commodaturum,
878 2424 908 2468 nt
957 2407 1155 2462 cotnmodatum
1169 2407 1277 2462 sationi.
1295 2406 1359 2461 Nam
1375 2407 1409 2460 de
1425 2415 1544 2475 ιειιηιοιε
1557 2406 1663 2476 proprie
1676 2405 1743 2462 dici·

120 2521 151 2563 ea
162 2523 268 2578 quoque
283 2507 347 2561 mihi
369 2505 548 2577 studiosisque
565 2505 745 2561 exscriberem
763 2523 769 2557 ε
785 2518 905 2559 commo·
958 2504 1001 2552 tur
1014 2513 1152 2561 serenutn,
1167 2500 1237 2553 sicut
1252 2513 1386 2553 amoenum
1402 2499 1472 2569 quod
1495 2509 1586 2568 aptum
1611 2496 1705 2562 amari,
1719 2506 1745 2553 ει

119 2599 261 2669 dassetque
270 2613 335 2653 sane
347 2612 425 2666 quam
437 2596 534 2661 libens,
544 2597 594 2651 nisi
605 2596 907 2668 repentinaejustraus·
958 2602 1071 2657 egenum
1083 2587 1240 2659 abegeado,
1255 2597 1281 2643 ct
1295 2589 1403 2658 pienum
1417 2591 1514 2659 aplere
1527 2591 1653 2645 inusitato
1664 2589 1746 2647 uerbo

120 2688 243 2758 migratio
263 2688 403 2757 quominus
418 2686 444 2740 id
458 2687 709 2751 lieret,ohstitisset.
725 2688 790 2741 Cum
818 2693 907 2744 autem
957 2677 1219 2734 dicilttr·dsttc0tu·

121 2780 249 2848 hecquae
273 2779 432 2846 transcripta
449 2788 521 2840 sunt,
546 2778 608 2831 talia
630 2778 693 2831 mihi
714 2778 865 2843 uideantur,
878 2788 907 2830 ut
956 2810 965 2823 ·
991 2768 1101 2841 AEvum]
1115 2772 1138 2824 Α
1153 2768 1246 2825 Gtaeco
1261 2776 1321 2826 αἰών
1335 2771 1443 2834 dici'ur,
1464 2772 1534 2840 quod
1549 2773 1643 2827 Latine
1656 2787 1743 2828 saecu-

122 2874 299 2929 studiosorum
316 2874 400 2928 boetii
414 2872 528 2928 lectione
540 2871 594 2924 sint
607 2868 773 2939 dignissima,
782 2885 833 2922 non
846 2882 907 2934 pos·
959 2858 1159 2930 11111118116111
1175 2877 1180 2911 ²
1197 2859 1224 2914 111
1240 2861 1287 2914 dlii
1299 2869 1403 2929 lembus
1417 2861 1617 2931 quinquaginta,
1630 2864 1675 2917 alii
1684 2879 1746 2920 ceu·

122 2980 179 3019 sum
194 2979 226 3020 ea
237 2978 288 3019 nou
305 2964 357 3018 luc
370 2964 429 3018 loco
449 2962 592 3030 subjicere,
606 2960 717 3030 nequid
736 2958 828 3029 gloriae
841 2959 906 3013 mihi
960 2963 1155 3007 terruannorum
1171 2966 1231 3007 esse
1245 2953 1348 3006 volatur.
1365 2953 1474 3021 Capitur
1489 2954 1532 3008 hic
1544 2969 1591 3023 per
1615 2956 1746 3025 synecdo-

122 3056 244 3109 credulus
260 3055 343 3110 lector
356 3070 388 3109 ex
402 3053 491 3109 alieno
502 3052 602 3106 tribuat
615 3050 717 3113 labore,
732 3064 799 3104 nene
813 3049 906 3104 candi·
958 3045 1027 3099 chen
1041 3057 1089 3112 pro
1102 3043 1167 3108 nita,
1183 3057 1261 3110 quam
1274 3043 1316 3097 bic
1328 3044 1488 3112 peragimus.
1503 3045 1647 3100 hairtona.

122 3145 241 3199 dissimac
253 3147 404 3214 margaritae
419 3145 517 3200 diutius
532 3144 558 3199 in
580 3156 640 3198 mea
651 3140 835 3212 dactylotheca
849 3128 943 3196 sineC
995 3133 1020 3186 F
1021 3132 1099 3206 ulum]
1115 3133 1219 3188 hictum
1241 3142 1281 3188 est
1297 3134 1357 3203 unia
1381 3135 1449 3189 Deus
1464 3135 1490 3189 id
1511 3137 1579 3190 tatus
1594 3147 1645 3200 est,
1665 3139 1746 3194 idest

123 3235 225 3292 honore
238 3237 398 3290 dilitescant.
428 3235 530 3290 hddam
548 3244 636 3289 autem
659 3231 817 3301 quibusdam
841 3232 908 3287 loeis
959 3225 1037 3288 dlxii,
1054 3227 1104 3280 ¹¹⁰0
1116 3226 1246 3294 estjussh
1260 3236 1288 3279 ut
1301 3226 1542 3282 littei-Atticm·

123 3342 181 3380 mea
206 3328 401 3396 qualiacunque
415 3342 499 3394 eaque
527 3327 616 3395 paucis
639 3324 788 3394 perstricta,
804 3339 838 3380 nc
852 3324 907 3378 lor-
995 3318 1048 3373 Sui
1057 3317 1163 3385 pedidus
1186 3317 1264 3388 dedit]
1286 3316 1438 3388 Legendum
1453 3328 1494 3374 est
1520 3334 1572 3374 non
1592 3322 1661 3391 cgit,
1676 3320 1747 3375 sicut

123 3427 194 3473 tasse
209 3418 346 3484 prolixitas
368 3418 475 3471 taedium
500 3418 595 3486 pariat,
614 3430 794 3487 nauseamque
814 3416 907 3470 lectori
960 3410 1068 3477 plurimi
1094 3409 1156 3464 libri
1179 3409 1288 3463 habeat.
1305 3409 1397 3479 Neque
1412 3411 1483 3464 eninr
1503 3413 1580 3466 aliter
1594 3413 1675 3466 stahit
1688 3428 1747 3468 uer·

122 3510 247 3564 delicato,
959 3516 1016 3565 sus,
1037 3500 1114 3570 cujus
1129 3500 1236 3556 tertium
1252 3501 1348 3570 pedem
1377 3507 1522 3558 trochaeum
1548 3518 1608 3559 esse
1622 3515 1746 3574 oportet:

159 3599 280 3669 Quisquis
293 3600 449 3670 consposito]
462 3601 572 3654 hletrum
593 3609 634 3654 cst
646 3598 905 3668 hendecasyllabum,
960 3591 1005 3659 qui
1018 3591 1042 3645 si
1067 3591 1131 3660 egil.
1145 3600 1173 3645 el
1198 3606 1250 3646 hott
1265 3590 1340 3646 dedit
1363 3593 1477 3661 dicatur,
1499 3594 1601 3648 iambus
1617 3597 1670 3650 liet.
1688 3596 1747 3654 Furit

123 3686 149 3742 ιιι
164 3698 204 3743 εει
219 3689 341 3744 undecim
369 3689 543 3760 syliabarum.
567 3687 750 3752 Phaieucium,
775 3687 907 3742 dictuma
960 3693 1049 3738 antem
1072 3682 1216 3739 dicendum
1246 3685 1348 3747 littetio,
1375 3684 1424 3738 sub
1452 3686 1532 3753 pedes
1547 3687 1631 3746 dedit.
1646 3698 1673 3741 ct
1694 3703 1746 3743 raon

123 3776 257 3832 Phalerico
270 3788 379 3833 auctare
393 3778 463 3848 ejus,
477 3787 816 3849 pentametrumconstans
829 3794 909 3847 spon·
961 3775 1082 3845 pedibus,
1110 3791 1144 3831 ex
1166 3785 1258 3830 ιιιιιιιι
1286 3775 1486 3846 praepositionis
1513 3778 1662 3846 suhhmctae
1685 3794 1746 3833 cnut

123 3866 186 3931 deo,
201 3867 317 3938 dactylo,
336 3868 420 3923 tribus
436 3869 571 3923 trocheis.
588 3868 726 3924 Sententia
738 3870 796 3940 ejus
807 3870 909 3940 depen·
960 3867 1043 3920 tterho
1058 3865 1128 3935 quod
1149 3875 1251 3919 motum
1265 3867 1298 3920 ad
1326 3867 1413 3921 locum
1434 3866 1575 3936 signillcat.
1592 3866 1746 3937 lugendum

124 3954 260 4010 deterreo
283 3957 351 4025 quad
377 3957 503 4025 predixit
526 3959 575 4013 sub
590 3974 702 4028 persona
729 3958 909 4028 Philosophiae
961 3972 1025 4027 ergo
1039 3966 1081 4012 est
1102 3956 1221 4026 ligurate.
1237 3969 1265 4010 ut
1287 3958 1322 4011 sis
1343 3957 1487 4012 unadictiu
1501 3959 1550 4011 suh
1573 3968 1600 4012 ει
1623 3959 1707 4027 dedit,
1720 3969 1748 4015 et

123 4050 270 4115 sapientem
285 4061 317 4101 eo
337 4046 462 4101 uirtutum
479 4049 644 4104 munimento
660 4061 743 4104 tutum
768 4062 795 4105 et
816 4050 909 4105 delen·
962 4066 1008 4118 per
1031 4050 1138 4104 tanesim
1154 4049 1265 4118 liguram
1281 4066 1340 4118 quae
1360 4052 1443 4104 sectio
1468 4051 1561 4105 Latine
1581 4052 1747 4122 intelligitur,

124 4152 268 4203 sutncsse,
287 4137 358 4205 quod
385 4138 456 4191 nulla
485 4138 626 4193 stultorum
653 4150 698 4194 aut
726 4140 907 4207 improborum
961 4144 1149 4211 interpositum
1165 4143 1200 4196 sit
1215 4143 1336 4212 pedihus,
1351 4143 1426 4196 utsii
1439 4145 1489 4196 suh
1502 4144 1612 4212 pedibus
1625 4145 1708 4209 dedit,
1721 4129 1747 4200 id

124 4228 260 4283 homiuum
280 4231 317 4283 uis
343 4240 370 4283 ει
395 4229 489 4297 injuria
506 4230 590 4298 possit
615 4244 796 4298 perrumpere.
813 4232 908 4287 Subdit
961 4249 1002 4290 cst
1017 4235 1132 4290 subdidit
1148 4235 1269 4302 pedibus.
1283 4237 1425 4290 haetenus.

125 4333 189 4389 ergo
204 4338 210 4372 ι
226 4321 351 4390 Qtrisquis
368 4319 485 4375 animum
509 4336 586 4377 suum
607 4331 681 4377 recte
706 4324 864 4392 composuit,
881 4334 908 4378 et
999 4326 1153 4398 Fortunam]
1169 4326 1285 4381 Fortuna
1298 4343 1312 4380 a
1326 4327 1495 4390 lnrsdicitur,
1513 4344 1616 4396 querna
1638 4329 1747 4383 sarcinata

124 4425 202 4465 casus
216 4427 304 4465 rerum
321 4412 496 4466 humanarum
511 4414 680 4482 contempsit,
693 4414 767 4468 illum
780 4414 846 4469 nihii
862 4430 908 4480 po·
961 4416 1032 4471 dicta
1046 4424 1104 4470 est:
1121 4416 1181 4486 quia
1199 4431 1242 4470 res
1262 4414 1390 4469 humanas
1403 4415 1485 4478 leuat,
1502 4415 1552 4469 hoc
1571 4425 1612 4470 εει
1628 4418 1710 4486 agitet
1721 4433 1749 4474 ει

124 4511 177 4558 ιεει
190 4502 285 4558 deinde
301 4503 455 4573 perturbare
466 4504 566 4570 animo,
578 4516 625 4559 aut
639 4516 754 4559 mentem
767 4508 825 4573 ejus
837 4520 906 4560 com·
924 4491 949 4549 D
963 4513 1046 4575 regat.
1055 4505 1173 4559 Dicimus
1186 4514 1274 4559 autem
1287 4504 1456 4574 singulariter
1469 4504 1600 4559 fortunam
1614 4506 1655 4559 vel
1670 4507 1746 4560 deam

122 4611 230 4652 movere
253 4612 260 4649 :
282 4610 334 4650 nou
350 4595 468 4666 pericula
483 4599 575 4662 maris,
591 4612 645 4652 nun
664 4607 793 4652 terrarum
820 4607 909 4652 motus
965 4597 1135 4663 (utuetustas
1157 4597 1268 4665 putauit)
1285 4597 1326 4648 uel
1341 4610 1442 4657 casum,
1456 4610 1590 4665 perquem
1606 4609 1650 4648 res
1664 4595 1749 4648 humi·

123 4695 169 4740 eut
179 4687 313 4754 incendia,
328 4689 465 4744 nonacris
485 4689 604 4744 turbines
620 4699 666 4742 aut
682 4688 906 4756 perturbationes.
964 4705 1028 4744 num
1042 4689 1184 4743 volutantur
1195 4686 1333 4742 instabiles
1346 4698 1373 4743 et
1387 4688 1506 4751 incertae,
1534 4689 1673 4754 pluraliter
1683 4705 1748 4745 vern

123 4790 173 4830 uec
187 4775 266 4831 etiam
281 4778 381 4832 sevitia
396 4788 440 4832 aut
455 4777 579 4833 violentia
608 4778 733 4839 humana,
748 4778 796 4833 sed
819 4777 908 4831 omnia
966 4795 1014 4849 pro
1026 4779 1103 4833 honis
1120 4778 1235 4834 fortunae
1255 4787 1283 4832 et
1297 4778 1430 4847 praecipue
1450 4793 1498 4848 pro
1519 4778 1617 4834 diuinis
1635 4779 1749 4835 dicimus

123 4867 240 4938 negligit,
254 4876 282 4923 et
301 4885 348 4938 pro
364 4871 448 4926 nihilo
472 4871 555 4926 ducit.
579 4869 676 4924 Contra
698 4885 772 4933 nero,
787 4870 831 4938 qui
853 4885 908 4924 uon
965 4870 1094 4926 fortunas.
1107 4874 1250 4926 hantcoua.

122 4967 162 5011 est
177 4961 325 5028 composito
344 4971 371 5014 et
384 4961 462 5015 llrmo
477 4961 578 5025 animo,
594 4960 640 5014 sed
653 4959 729 5014 timet
751 4960 849 5030 aliquid
864 4960 906 5014 rel
1002 4959 1249 5034 Vuttum]vtttaisa
1265 4962 1332 5018 lacie
1343 4961 1442 5021 dillert.
1465 4962 1526 5032 quia
1545 4962 1627 5018 lacios
1639 4973 1679 5019 est
1702 4964 1736 5021 ba

122 5060 205 5119 optat,
218 5052 274 5118 itte,
285 5056 345 5122 quia
360 5068 412 5108 non
427 5064 467 5109 est
484 5053 614 5120 suijuris,
630 5051 677 5105 scd
689 5067 722 5106 es
738 5062 808 5107 metu
827 5053 907 5107 alieni
964 5055 1057 5111 bitudn
1068 5055 1196 5111 naturalis
1209 5055 1288 5110 insita
1309 5056 1412 5126 cuique,
1432 5053 1525 5111 vultus
1538 5071 1570 5110 ρχ
1585 5056 1750 5126 gaudiosius,

122 5143 195 5210 mali,
207 5144 251 5198 uel
264 5159 312 5213 spe
322 5145 400 5199 alieni
416 5145 478 5199 boni
493 5144 600 5213 pendet,
620 5143 719 5212 abiecit
732 5144 865 5214 clypeum,
881 5144 906 5204 td
963 5147 1069 5202 tristitia
1080 5156 1208 5208 mutatur,
1223 5145 1432 5201 sicntuoluntas.
1444 5146 1507 5199 Nam
1522 5162 1535 5199 a
1549 5147 1655 5201 uolendi
1665 5146 1749 5202 verbo

122 5244 163 5286 est
175 5235 369 5289 munimentum
385 5236 490 5290 uirtutis
505 5249 570 5299 sutae,
582 5233 743 5304 etdepulsus
758 5250 771 5287 a
786 5235 845 5289 loco
858 5249 908 5290 suo
962 5241 1053 5294 suhns
1068 5239 1214 5294 descendit.
1231 5238 1324 5293 Facies
1335 5253 1349 5291 a
1360 5238 1558 5293 laciendodicta
1569 5251 1620 5300 est,
1632 5240 1694 5309 quia
1706 5253 1749 5294 res

122 5340 148 5379 m
176 5340 229 5395 quo
256 5326 353 5388 stabat,
367 5336 396 5382 et
416 5344 494 5395 quem
513 5328 658 5383 delendere
684 5327 809 5395 debebat,
826 5331 909 5385 nectit
963 5331 1003 5384 sic
1021 5331 1054 5382 sit
1077 5329 1143 5383 iacta
1160 5347 1167 5381 t
1183 5329 1348 5398 dicimusque
1371 5344 1423 5381 non
1446 5330 1530 5383 saltatu
1551 5329 1677 5392 hominis,
1701 5329 1748 5383 sed

122 5426 254 5484 catenam,
267 5433 318 5487 qua
329 5418 415 5473 valeat
425 5420 505 5483 trahi,
518 5420 543 5472 id
555 5429 606 5486 est,
618 5421 660 5474 via
673 5421 774 5489 praebet
783 5436 832 5490 qua
848 5435 909 5490 pos·
962 5431 989 5476 ει
1008 5421 1117 5491 pecudis
1135 5429 1163 5474 et
1185 5421 1234 5474 loci
1263 5422 1366 5487 taciem,
1384 5421 1434 5476 hnc
1449 5429 1489 5474 est
1504 5421 1614 5474 lormam
1628 5423 1670 5476 εει
1685 5421 1749 5481 liuu-

121 5507 157 5561 sit
175 5508 225 5561 sihi
247 5509 336 5563 noceri
352 5526 358 5562 z
373 5508 517 5563 secumdum
534 5512 694 5565 sententiam
713 5511 784 5565 enim
803 5511 909 5566 Stoicu-
964 5528 1030 5566 ram.
1047 5511 1141 5565 Vultus
1154 5512 1238 5567 solius
1247 5519 1287 5564 est
1302 5511 1427 5564 hominis.
1443 5514 1586 5564 hantcoea.

122 5615 191 5663 rum,
202 5601 580 5671 nemoluditurnisiascipso.
592 5602 643 5656 atti
654 5603 776 5658 enimres
789 5612 904 5665 nostras,
1000 5598 1109 5671 Pontus]
1123 5600 1199 5670 hpud
1214 5611 1305 5668 pactas
1320 5601 1477 5670 plerumque
1493 5615 1542 5668 pro
1561 5602 1625 5655 mari
1649 5601 1748 5668 accipi·

123 5691 226 5746 hoccst
239 5691 346 5747 diuitias
365 5693 408 5748 uel
427 5692 553 5758 honoros,
567 5694 608 5748 aei
627 5694 736 5760 lamam,
750 5695 791 5750 uel
805 5693 909 5762 reliqua
966 5706 1007 5751 tur
1027 5711 1075 5765 per
1096 5694 1295 5762 synecdochen,
1317 5706 1412 5765 estque
1437 5708 1498 5763 pars
1524 5693 1604 5752 maris
1626 5693 1748 5765 quaedam
