3906 6180
95 294 176 390 ιιι
733 291 1047 406 ιιιιιὸιιιιιιιιιιιι.
1070 339 1115 396 ut.
1155 410 1160 416 ⁴
1681 340 1730 400 tat

96 450 176 497 restat
184 450 212 495 ut
220 441 360 496 conatibus
368 445 434 497 oreis
443 443 639 500 iarorcoelcstis
650 446 808 512 arrideat,et
822 463 884 515 neq·
900 452 922 507 rt
936 448 1021 502 lusum
1045 449 1078 503 dc
1098 448 1230 518 publicata
1250 453 1427 517 promissione
1446 453 1631 508 constitutum.
1661 447 1729 505 iere

96 533 887 608 liqeutiaslmtuinuru‘piactuorlerationisttbcrtatccompo·
939 538 1064 601 dicerem.
1081 539 1103 593 si
1132 539 1235 594 deleret
1256 542 1306 594 ists
1321 541 1443 596 discissio
1468 540 1543 611 tpuod
1555 541 1620 596 tales
1638 541 1726 594 tuui-

95 634 149 679 uat.
164 623 290 687 borotra,
305 634 333 677 ut
348 639 439 691 supra,
455 626 566 681 salutem
582 626 698 681 debitunt
712 630 811 692 duero,
827 644 887 697 pre·
940 640 988 682 nes
1003 642 1055 683 nee
1068 628 1111 681 iila
1127 643 1206 695 quern
1221 629 1309 684 dicitis
1325 631 1456 685 nutricem
1472 629 1639 684 mendacium
1652 643 1724 693 essia,

93 729 140 768 cor
161 721 191 767 ιιι
212 729 283 767 nuuc
302 715 435 782 perusinam
458 716 664 783 sollicitudiuem
690 735 738 783 paro
768 719 886 789 utrisque
939 716 1043 788 Liguria
1055 720 1185 786 potuisset
1195 720 1310 774 mittere.
1324 720 1512 787 Quidarguam
1527 722 1600 788 prius
1613 719 1639 772 iu
1655 717 1726 772 illisi

94 801 236 872 suscipias.
251 811 281 855 et
294 803 365 856 buo.
376 815 453 858 ostro
467 807 657 862 cemntemlare
675 809 789 863 assiduis
801 813 887 880 preci·
937 810 1062 874 istacin,
1083 817 1130 862 aut
1152 810 1279 864 fatuitatis
1303 810 1625 879 obsceualpcrdideruut
1646 809 1726 874 duos,

93 894 205 947 itusnurt
218 884 338 946 mistus.
935 899 981 968 qui
1004 899 1074 954 iuter
1086 914 1115 953 se
1135 909 1289 954 sanctorum
1305 900 1493 968 impetratione
1515 901 1658 965 sociantur,
1679 915 1727 967 per

376 981 538 1037 epistota
560 984 593 1038 Χ.
935 1005 1002 1057 quos
1018 989 1147 1058 potuisset
1173 987 1218 1043 diu
1240 990 1356 1058 jacentis
1379 999 1406 1045 et
1430 989 1457 1043 in
1481 989 1601 1042 untbram
1625 1000 1725 1043 attactae

360 1076 508 1128 assantes-¹
524 1089 616 1127 craso.
936 1079 1041 1133 familiae
1062 1080 1176 1132 scintilla
1196 1080 1324 1147 reparari.
1349 1079 1488 1133 llemores·
1498 1081 1573 1142 estis,
1596 1079 1723 1132 doummu

124 1160 301 1215 erscioium
330 1171 383 1224 est,
399 1177 451 1216 nou
474 1163 566 1230 gratiae
590 1176 799 1231 sacramentum,
812 1167 883 1236 quod

90 1259 192 1305 tatttuut
215 1253 394 1321 praesentibus
419 1251 561 1307 exitibctur
576 1272 582 1307 :
600 1256 723 1310 arntici‘tiae
742 1257 883 1311 sinceritas

90 1354 113 1393 ιιι
127 1341 206 1409 inape
220 1343 320 1410 positos
332 1358 384 1394 uuu
400 1341 537 1411 relinquit.
548 1332 616 1408 Quid
631 1346 715 1414 possit
728 1361 789 1400 tera
801 1347 881 1412 tides,

92 1432 219 1502 itrtclliqat
233 1435 278 1502 qui
294 1443 357 1487 tuuc
371 1432 527 1502 adipiscitur
551 1433 692 1503 benenate,
707 1438 814 1506 quanda
831 1437 878 1492 de·

90 1523 313 1590 riuitsuppiirarc
327 1538 396 1587 ;eao
412 1522 476 1576 tuiiti
496 1522 581 1576 debeo
593 1524 666 1594 qrtod
678 1525 711 1578 ad
737 1526 881 1582 stationem

90 1630 197 1686 precum
212 1626 286 1670 trans
314 1615 432 1682 Gargara
457 1623 566 1683 postus·
588 1616 743 1683 pervertisti.
768 1617 808 1672 Tu
824 1620 881 1673 iace

935 1169 1065 1223 dunarum
1080 1171 1156 1223 rubis
1171 1171 1197 1224 in
1216 1170 1331 1224 ecclesia
1343 1169 1453 1231 dixisse.
1471 1170 1560 1224 [tctrttr
1575 1183 1604 1224 se
1623 1169 1662 1222 tle
1679 1169 1722 1221 iiia

937 1259 1022 1326 partella
1034 1260 1184 1326 specialiter
1197 1274 1249 1312 ιιοιι
1262 1273 1366 1328 rogare.
1379 1257 1447 1312 Vide
1458 1258 1610 1326 properatura·
1623 1259 1723 1310 sarar-tis

934 1351 1100 1403 creatoribus
1114 1347 1147 1402 ad
1167 1364 1275 1404 usttraru
1294 1351 1356 1401 rite
1371 1350 1570 1417 procedentem.
1587 1348 1723 1414 inteliiqo-

934 1439 978 1492 but
993 1438 1054 1506 plus
1067 1452 1098 1492 se
1111 1447 1250 1507 parentam
1266 1437 1375 1491 iletibus
1397 1452 1477 1505 quarn
1499 1437 1603 1490 actione
1616 1451 1723 1503 proruu-

934 1538 1031 1582 turum.
1043 1527 1148 1583 Gratias
1160 1528 1218 1590 tibi,
1227 1527 1397 1595 omnipotens
1412 1529 1500 1590 Deus,
1514 1526 1623 1593 gratias,
1636 1536 1723 1578 rcrtor

934 1619 1063 1682 iideiium,
1078 1618 1124 1687 qul
1145 1618 1249 1671 anciila
1263 1625 1315 1670 ture
1330 1625 1390 1670 rota
1405 1617 1562 1686 respiciens,
1577 1615 1744 1693 [ιιιιιιιΙιοιιιιιο

91 1706 259 1760 eonscientiae
275 1705 378 1759 ataricus
386 1715 413 1759 et
428 1704 533 1758 litteras
545 1721 597 1758 uun
611 1720 625 1758 a
642 1715 669 1760 te
681 1714 802 1776 tempore
818 1708 882 1762 tirri-
933 1708 959 1760 iu
985 1721 1016 1761 ea
1033 1705 1238 1775 pollicitationes
1264 1704 1388 1772 implesti,
1408 1705 1521 1759 dicentis
1536 1722 1543 1758 ε
1557 1707 1652 1758 umora
1667 1704 1721 1772 sira

90 1797 163 1865 sisti,
179 1804 288 1852 uetant
310 1812 363 1850 nou
379 1796 464 1850 solum
480 1795 633 1865 longinqua,
650 1794 697 1850 scd
713 1796 821 1861 abdita,
843 1799 878 1852 ita
896 1799 957 1861 Bia
971 1798 1042 1852 touta
1055 1797 1236 1862 demorabitur,
1252 1806 1276 1851 at
1290 1811 1373 1850 temera
1387 1799 1443 1868 ejus
1454 1796 1614 1850 hereditabit
1628 1806 1721 1848 terrant

84 1870 117 1940 ἰιι
140 1901 273 1957 nusquam
298 1895 324 1940 te
347 1886 450 1949 meanis
481 1884 546 1940 boui
568 1895 724 1956 perseeutor
752 1888 878 1944 inueniat.
930 1885 1016 1953 (Psoi.
1030 1901 1102 1951 artu,
1119 1885 1174 1953 ta).
1190 1885 1301 1950 Perfice,
1319 1886 1361 1953 pie
1371 1887 1481 1950 arbiter,
1497 1885 1566 1954 qued
1582 1885 1720 1947 reatrrrsit,

87 1977 200 2047 Semper
213 1985 241 2031 et
256 1976 299 2031 iric
311 1976 418 2045 quidem
440 1976 550 2030 latentia
565 1977 635 2032 iuter
655 1977 761 2046 lepores
780 1979 878 2033 cubilia
929 1983 957 2028 et
973 1974 984 2006 ⁸
998 1976 1024 2027 iu
1037 1974 1147 2028 alterius
1159 1988 1229 2026 serrr
1241 1985 1277 2026 tu.
1292 1974 1386 2041 cupuiu
1402 1987 1517 2027 serenus
1541 1973 1640 2041 aspira.
1654 1972 1718 2027 lltbi

90 2068 238 2136 diligebam
259 2068 390 2135 sedsaepe
406 2066 536 2122 latebram
555 2048 640 2141 tuam,
658 2068 702 2137 qui
718 2085 811 2138 presso
832 2086 879 2125 ore
928 2067 950 2119 si
962 2067 1019 2119 itae
1033 2065 1145 2118 ridenda
1160 2065 1269 2119 morbus
1285 2066 1329 2133 qui
1344 2065 1399 2133 iam
1420 2065 1529 2118 vitalem
1544 2079 1576 2132 pr
1584 2079 1716 2132 ruceupa·

91 2156 202 2224 vestigia
229 2155 337 2209 rimatus
355 2163 397 2211 est
417 2154 528 2210 interut.
552 2155 627 2211 Nunc
640 2156 727 2213 aitiori
751 2157 877 2223 consilio,
930 2156 967 2208 rit
980 2155 1167 2219 substantiam,
1191 2170 1245 2209 nott
1273 2155 1411 2224 relinquit,
1436 2156 1523 2210 tiricat
1536 2155 1569 2209 de
1584 2155 1637 2209 illis
1651 2155 1719 2208 bena

88 2243 182 2307 medo,
198 2252 228 2298 ιιι
241 2247 352 2313 majores
363 2246 376 2274 ¹‘
388 2245 554 2309 accenderis,
572 2256 598 2300 te
611 2247 749 2301 nominum
764 2248 879 2304 cratibus
929 2260 1015 2317 pater,
1030 2260 1057 2302 et
1072 2248 1113 2302 ati
1134 2249 1278 2318 proavique
1291 2256 1354 2303 ante
1367 2249 1506 2302 transitum
1530 2262 1608 2300 suarm
1621 2258 1718 2298 nomen

86 2333 257 2388 submovisti.
275 2335 346 2404 Erpa
357 2336 442 2389 solam
463 2336 603 2403 pueritiam
618 2335 733 2392 debuisti
750 2337 877 2392 llediula·
928 2339 1051 2407 accipiat.
1064 2337 1104 2392 lle
1119 2338 1346 2406 tamen,quarnris
1361 2346 1540 2407 peccatorem,
1554 2334 1642 2389 adbuc
1656 2348 1717 2404 qra-

86 2422 214 2478 ueosibus
238 2424 311 2478 tuisl
332 2434 360 2479 et
383 2425 468 2478 tirum
498 2437 523 2479 te
551 2433 643 2480 tencre
660 2427 818 2493 debuerant,
833 2429 877 2497 qui

86 2529 195 2580 puerum
210 2514 405 2583 perseuerare
417 2525 443 2569 et
464 2529 532 2584 quos
546 2515 687 2570 tartucsstr
703 2517 737 2571 de
751 2519 879 2587 amplexi·

86 2608 144 2676 bas,
158 2609 276 2664 delusisti
289 2609 383 2677 iurare
394 2608 524 2662 consiliis.
538 2609 590 2663 Sed
607 2609 669 2663 irinc
683 2610 768 2674 alias;
787 2618 814 2663 tu
831 2611 877 2665 tibi

87 2700 271 2767 provisionum
284 2707 389 2751 tuarum
400 2698 546 2767 autpuudia
557 2698 667 2754 debebis
678 2708 724 2753 aut
734 2701 877 2770 iacrymas.

90 2788 146 2858 Epo
159 2788 265 2843 itatenus
287 2775 475 2843 salutationem
502 2788 639 2864 praelatus,
664 2804 767 2843 metuar
781 2788 877 2851 debiti,

88 2879 264 2934 donationem
278 2879 311 2933 de
326 2860 413 2948 puero
431 2877 578 2943 destinare
591 2879 642 2932 irae
657 2880 725 2948 apud
740 2893 878 2947 tuereput·

87 2981 155 3037 tans,
168 2979 199 3024 ut
213 2985 261 3026 nee
277 2969 442 3040 impermotus
454 2968 483 3023 in
498 2978 618 3036 tempore
641 2969 799 3024 dillidentiat
821 2985 877 3024 suae

88 3061 215 3127 rtrrceret,
230 3068 258 3115 ei
279 3075 390 3115 cessans
409 3061 479 3113 luter
503 3060 698 3129 desperationis
724 3061 797 3115 strala
814 3077 878 3130 gau-

88 3151 172 3206 ieret.

369 3241 532 3297 eutstoto
549 3240 594 3298 xi.

930 2429 964 2482 tia
979 2443 1092 2498 superna
1106 2443 1162 2482 non
1173 2428 1289 2492 descrit,
1302 2428 1346 2497 qui
1370 2427 1579 2481 adurouitiouem
1592 2426 1716 2479 caudeae

930 2520 1075 2587 prateolo.
1090 2519 1154 2573 Natu
1165 2519 1298 2574 desideria
1314 2533 1371 2573 mea
1385 2519 1442 2573 ael
1459 2519 1536 2588 iegati
1549 2517 1717 2586 provincialis
1763 2593 1764 2596 Ἴ

930 2626 1026 2666 nomen
1037 2612 1198 2680 acciperem,
1211 2611 1273 2664 iicet
1286 2625 1346 2664 curn
1359 2610 1465 2675 dolore,
1477 2608 1614 2678 suspendi.
1629 2608 1717 2663 lintei

930 2717 964 2757 rte
976 2713 1022 2756 aut
1037 2718 1125 2757 rerum
1134 2703 1269 2765 dominus,
1281 2700 1356 2754 robis
1368 2701 1581 2769 disponentibus,
1594 2699 1651 2754 baec
1663 2715 1717 2754 rso

929 2795 1001 2864 cripi
1017 2795 1149 2858 crederet,
1173 2809 1232 2861 quae
1259 2793 1331 2861 capit
1355 2793 1500 2846 necessitas
1527 2792 1717 2861 postulari;et

930 2898 980 2953 eqo
991 2884 1118 2938 redderer
1127 2882 1224 2936 ciliciis
1234 2896 1363 2936 otterosus
1376 2889 1404 2935 et
1425 2881 1574 2935 actionibus
1599 2881 1717 2935 inierun-

929 2973 991 3039 dus,
1005 2975 1125 3042 quamtis
1136 2987 1185 3026 nec
1195 2972 1303 3038 exsequi
1320 2984 1369 3024 uec
1387 2971 1513 3036 iniunctis
1529 2986 1576 3038 par
1588 2984 1647 3023 csse
1661 2971 1715 3024 urta

931 3062 1049 3115 llcercrn.
1062 3060 1137 3130 lloqo
1151 3070 1179 3112 ut
1190 3057 1345 3127 supplicetis
1360 3058 1424 3121 lieo,
1436 3066 1465 3110 ut
1478 3073 1521 3112 nte
1533 3059 1575 3113 rel
1586 3074 1669 3128 usque
1683 3060 1716 3114 ad

888 3150 1048 3211 cantentur
1073 3149 1253 3202 ctttuutuniutu
1268 3157 1386 3214 teutpora
1403 3146 1431 3199 iu
1451 3147 1540 3201 muudi
1562 3148 1643 3204 istius
1658 3163 1716 3204 ser-

929 3251 969 3294 uet
983 3240 1100 3293 incestu.

347 3352 474 3391 assuetus
497 3353 606 3393 stesso.
1194 3332 1359 3388 bulsinus
1376 3334 1432 3388 xli.

123 3423 231 3494 Suscepi
246 3428 350 3481 litteras
366 3428 506 3497 multiplici
531 3431 777 3502 garrrtiorumdote
802 3431 875 3485 lor-rr·
1179 3440 1309 3479 assereus
1333 3441 1470 3480 seusana.

92 3519 183 3586 pletas,
197 3533 223 3574 et
236 3518 349 3587 qratiam
360 3520 431 3574 circa
445 3537 492 3575 uras
507 3522 554 3576 Dei
571 3538 651 3592 quarn
667 3538 793 3578 rrouernrn
807 3539 873 3576 ῃιιῃ.
960 3514 1033 3567 Fern
1051 3526 1200 3568 uestrarum
1228 3517 1375 3571 alnentiaru
1393 3518 1551 3577 litterarum,
1574 3517 1600 3570 si
1619 3517 1656 3570 sic
1680 3518 1717 3570 ad'

91 3611 193 3664 tientes.
206 3610 332 3665 Protinus
343 3611 455 3665 testibus
464 3609 563 3667 Citristi
573 3613 668 3678 nostri,
677 3628 736 3669 cura
749 3615 873 3682 iacrymis
923 3611 1088 3665 ittcrcttteuta
1100 3606 1188 3675 gtutdti
1205 3607 1257 3661 tuci
1268 3609 1384 3677 pertita-t
1403 3608 1473 3677 quod
1488 3610 1591 3665 bractis.
1605 3607 1661 3661 Non
1673 3618 1712 3661 est

87 3702 321 3770 qrussquerebat
339 3701 466 3769 bitorino,
483 3703 599 3759 inntens,
616 3704 871 3775 parerecjgepqonq
911 3695 1033 3751 molesta
1059 3697 1188 3766 paginalis
1208 3699 1391 3763 intermissio,
1420 3701 1442 3754 si
1475 3715 1536 3753 cum
1564 3701 1711 3768 splendidis

77 3805 131 3868 *per
146 3793 223 3861 ipsos
243 3792 411 3862 irrumpamus
427 3793 521 3858 ruerat,
536 3795 636 3864 granas
649 3793 778 3856 reterens,
795 3796 870 3864 quasi
922 3784 1084 3839 dictionibus
1096 3788 1245 3855 junguntur
1256 3803 1314 3842 rara
1325 3789 1471 3857 colloquia.
1492 3790 1568 3855 Quod
1583 3791 1616 3844 tir
1629 3795 1713 3859 gratis

87 3897 167 3936 sorus
177 3885 277 3938 relator
291 3884 404 3938 asserui.
417 3883 498 3950 Vere,
510 3885 607 3940 domne
622 3883 731 3951 Fartste,
744 3886 872 3955 simplici·
921 3877 990 3929 ‘litii
1010 3892 1057 3928 ros
1071 3879 1129 3942 ὓθῑ,
1146 3879 1216 3949 quod
1237 3882 1271 3935 de
1283 3881 1384 3936 sanetis
1397 3882 1554 3951 parentibus
1569 3898 1712 3952 presumu-

87 3973 227 4029 terirrtrae
246 3990 327 4030 serres
342 3976 543 4046 purgatumst,
558 3976 621 4048 quiq
636 3977 748 4032 superer
769 3979 869 4042 menri,
921 3975 966 4021 tur
989 3970 1099 4037 accipin.
1122 3969 1180 4025 Jatu
1201 3972 1335 4042 sulit-agiis
1359 3975 1505 4028 amicorum
1533 3974 1580 4029 ilci
1603 3976 1649 4045 qui
1666 3977 1712 4030 tibi

85 4065 143 4134 qnid
158 4067 256 4120 sistor„
270 4069 295 4122 ὴ,
311 4069 432 4136 puerinon
451 4069 494 4122 ina
509 4079 599 4124 procu
613 4071 703 4124 anama
722 4087 781 4135 φη,
797 4087 868 4136 mm.
920 4069 996 4128 parter
1015 4070 1042 4114 ct
1065 4061 1146 4118 irater
1158 4071 1211 4127 est,
1227 4064 1366 4132 agnovisti.
1388 4065 1457 4119 llere
1484 4066 1626 4120 dictionem
1641 4070 1712 4120 tumn

84 4144 172 4211 cessit.
186 4154 255 4211 Nam
269 4158 318 4212 etsi
341 4158 376 4213 sit
391 4173 453 4226 spes
478 4169 568 4215 nostra
583 4160 669 4214 antron
683 4176 754 4215 emes
777 4161 868 4215 muudi
920 4150 977 4206 siue
998 4151 1124 4222 lacrymis
1143 4168 1209 4223 quas
1228 4154 1328 4209 dabant
1347 4158 1452 4225 gaudia,
1468 4174 1520 4211 nort
1535 4157 1629 4229 relegi.
1646 4158 1712 4211 iiolu

84 4245 326 4312 lucetemumsed
344 4249 414 4318 qnod
428 4251 592 4306 conueniens
609 4264 669 4305 esse
686 4259 797 4306 nouerat
811 4253 869 4307 sine
920 4243 991 4311 apud
1018 4254 1044 4298 te
1073 4260 1133 4313 qtue
1151 4246 1227 4300 dcte
1251 4248 1495 4303 serrtiorerlrorum
1512 4250 1711 4317 importunitate

84 4350 179 4393 rostrae
199 4339 311 4395 actionis
326 4341 418 4396 labore
431 4344 597 4412 promarum
609 4357 668 4397 cum
685 4357 700 4396 a
715 4343 868 4397 nobissimi·
920 4336 1076 4404 producere.
1104 4336 1205 4389 turbosa
1223 4346 1250 4388 ru
1265 4337 1335 4403 uttod
1357 4347 1517 4405 suggerente
1539 4345 1565 4390 m
1587 4336 1711 4392 scurribus

83 4433 249 4487 brctresiu
261 4433 545 4498 matribuseoliocstas,
556 4433 740 4504 obtulitlouqa
752 4434 866 4488 statione
920 4441 987 4482 rena
1012 4427 1135 4494 ittaettis,
1163 4442 1309 4494 comportas
1340 4427 1503 4496 eloquentia.
1532 4429 1600 4482 uiuit
1626 4431 1670 4480 tibi
1695 4447 1709 4482 a

82 4523 222 4585 obstantes,
236 4522 339 4578 felicius
362 4524 481 4580 tribuens
507 4527 656 4581 necessaris
676 4541 754 4595 quarn
769 4527 868 4592 cupies,
884 4511 1011 4573 Ddomoi
1039 4519 1130 4574 Fausti
1146 4531 1171 4574 et
1184 4520 1290 4574 domun
1303 4535 1370 4575 tacte
1383 4521 1476 4574 matris
1489 4530 1540 4573 tuae
1554 4522 1607 4573 itiio
1622 4521 1710 4573 atinus

82 4613 149 4681 tran
164 4616 279 4669 mundus
305 4617 356 4671 iste
375 4618 430 4671 teri
452 4617 552 4686 aliquid
579 4616 674 4681 trabem
702 4628 747 4671 aut
771 4618 792 4671 si
815 4635 867 4672 nott

84 4705 169 4772 baltei,
186 4721 238 4758 non
252 4705 285 4760 de
299 4705 357 4774 rjus
368 4707 466 4760 uitione
482 4723 543 4761 trrox
559 4708 670 4774 rupuar.
693 4708 796 4762 Metuiti
806 4719 868 4777 sunt

82 4795 201 4850 inartinrs
215 4797 259 4864 qui
273 4813 303 4850 se
316 4799 440 4865 jurabant
450 4799 573 4866 accipere
586 4799 722 4865 beneilcia,
737 4798 759 4851 si
780 4798 867 4853 dedis·

80 4895 136 4938 tat
154 4903 160 4937 :
177 4885 258 4939 etiam
277 4901 392 4951 superna
415 4887 615 4955 dispensatione
630 4889 764 4956 currjuucti
779 4899 839 4941 suut
857 4928 865 4949 ,

81 4973 214 5042 aqrribus
241 4988 289 5027 uec
311 4977 463 5043 accepimus
487 4977 686 5042 introducente,
714 4992 763 5031 nec
793 4977 867 5031 dedi-

82 5075 136 5116 mus
151 5077 160 5117 ι
176 5074 251 5117 serta
273 5062 308 5118 de
324 5064 511 5133 desperatione
533 5066 706 5129 cattllduutiu,
729 5075 756 5120 rt
780 5065 865 5119 nebu-

113 5192 223 5292 :geisal
239 5194 440 5251 Mediolanensi.
487 5217 494 5226 ·
821 5217 830 5247 ι

113 5263 447 5412 ξῗξιὴῗιιὲιῗιειεωιῖῑινιᾳιιιιῑ
470 5315 572 5405 copula!
587 5334 691 5404 Nuptiis
712 5335 814 5397 dricni,
830 5335 864 5388 do

83 5401 173 5464 onibus
185 5404 297 5469 epistola
310 5406 430 5474 sequenti
444 5407 477 5458 ati
489 5405 638 5468 blessalato,
652 5413 680 5459 et
692 5419 771 5472 supra
783 5407 862 5471 epist.

83 5469 229 5541 '.’‚itemque
243 5474 375 5541 adipsum
390 5476 529 5528 brienum.
543 5476 612 5542 Ergo
628 5474 714 5542 puelia
724 5476 863 5541 cuiusubi·

22 5567 25 5572 ·
84 5547 122 5592 tu<
137 5542 179 5596 bic
193 5544 364 5604 describitur,
379 5545 474 5599 Avieni
489 5559 576 5611 surus,
593 5544 646 5596 titia
663 5541 763 5598 Fausti.

115 5609 226 5681 ‘hepati
241 5613 414 5684 prauiruioiis]
429 5614 575 5671 Provinciae
587 5612 715 5683 biqttriaes
732 5621 760 5665 ut
772 5613 863 5681 leporio

84 5675 278 5734 Prorosruiaris
294 5684 452 5749 prouinciae:
473 5685 530 5751 icqe
551 5684 601 5737 lilii
624 5684 685 5737 cort.
706 5683 808 5738 Tireort.
830 5682 863 5734 rie

84 5748 282 5804 tterrrrtootous.
303 5755 365 5804 Nam
386 5757 429 5809 airi
452 5766 526 5810 eraut
548 5753 625 5817 leqati
650 5754 795 5813 ciuitatum,
819 5753 862 5816 qui

921 4622 981 4674 est,
996 4611 1046 4663 uisi
1061 4610 1133 4678 quod
1143 4611 1153 4642 ⁸
1165 4610 1222 4679 ipse
1233 4610 1353 4666 studiose
1367 4610 1540 4665 subtraxeris.
1558 4609 1650 4663 l‘arruat
1663 4610 1708 4662 tibi

922 4701 1153 4765 temeraverunt
1177 4703 1272 4757 credas
1294 4718 1337 4758 me
1363 4704 1546 4757 immemorem
1571 4716 1630 4755 csse
1659 4689 1725 4761 tu'i.

919 4795 983 4847 duur
1008 4794 1217 4862 impedientibus
1232 4796 1332 4848 morbis
1355 4794 1485 4860 frequenti
1512 4805 1539 4848 te
1565 4793 1708 4862 scriptione

921 4899 973 4937 unu
987 4899 1099 4937 tenerur
1112 4899 1119 4937 :
1134 4883 1215 4938 deber
1231 4900 1310 4937 bosso
1323 4885 1433 4955 dignum
1451 4901 1510 4939 osse
1535 4888 1609 4941 tertia
1632 4885 1707 4956 quisl-

919 4972 983 5042 qtt'd
1010 4972 1171 5027 necessitate
1186 4972 1359 5040 delinquitur.
1377 4975 1486 5029 liotuitte
1511 4978 1556 5037 rui,
1572 4978 1618 5027 sair
1632 4976 1707 5028 tatio-

919 5080 979 5119 nem
1007 5065 1188 5134 plenissimam
1203 5063 1306 5128 dicetis,
1323 5063 1484 5120 benedicere
1503 5082 1545 5120 me
1570 5065 1653 5120 {lerant
1681 5069 1706 5119 iu

917 5214 969 5251 trou
992 5215 1006 5253 a
1031 5206 1084 5250 totu
1109 5197 1255 5266 prouruu,
1269 5198 1315 5250 seri
1333 5213 1347 5251 a
1366 5197 1474 5252 ciuitate
1496 5206 1596 5252 tautum
1619 5199 1705 5258 aliqua

917 5269 1098 5330 mittebantur,
1110 5278 1138 5319 ut
1154 5267 1354 5330 lliurupolitaure
1364 5269 1483 5328 ciuitatis,
1498 5268 1558 5322 cod.
1570 5267 1632 5320 eod.
1648 5268 1706 5331 iege

917 5338 933 5388 il
951 5339 985 5392 de
1002 5337 1194 5397 Cettsitoribtts,
1210 5346 1236 5390 ct
1252 5337 1343 5402 lupatio
1359 5338 1541 5400 Alexandrina,
1560 5335 1610 5398 tea.
1625 5332 1661 5385 ll
1672 5333 1706 5386 de

918 5407 1065 5474 Episcopis
1077 5415 1130 5460 etc.
1142 5407 1264 5460 Oblatum
1278 5407 1328 5460 sibi
1341 5409 1374 5460 ad
1387 5405 1580 5462 Theodericum
1592 5401 1705 5467 topatio·

918 5491 977 5527 uem
1000 5475 1092 5529 subire
1115 5487 1254 5545 propterca
1269 5488 1416 5548 1ιιιιιοιιιιιιι
1442 5475 1590 5534 Erroodius,
1615 5487 1647 5525 ne
1669 5472 1704 5526 ob

917 5558 1047 5597 summam
1068 5560 1128 5598 cum
1149 5545 1247 5601 Fausto
1269 5545 1502 5599 necessitudinem,
1524 5544 1703 5603 srrsptciouuu

918 5615 971 5681 rrqi
984 5622 1099 5672 rttoreat,
1111 5630 1171 5682 quae
1187 5615 1311 5681 ligurum
1325 5614 1431 5667 numine
1446 5609 1702 5679 postulandarum,
1748 5631 1760 5645 .

917 5698 946 5734 ca
961 5681 1047 5736 Fausti
1062 5685 1231 5751 suggestione
1246 5682 1380 5754 postulati.

956 5751 1083 5817 Nitor,
1100 5757 1159 5805 isto.
