3906 6180
193 342 250 404 aab
518 338 689 399 aureuma
709 336 757 396 ab
773 336 896 396 LIBROS
916 333 961 393 DE
979 331 1239 401 coustitutum
1256 332 1505 393 uuttosoelitm.
1783 335 1838 394 tet

196 461 296 528 Herm,
311 461 450 527 immersu
477 457 602 528 precipiti
616 454 755 527 prosumo,
770 454 798 512 id
812 463 855 512 εει
867 462 987 524 preceps
999 453 1027 510 A
1075 448 1181 522 Sidera]
1202 451 1324 509 Lumina.
1351 477 1353 483 ·

197 552 372 626 pmlundum.
1076 542 1175 599 cotiae
1188 543 1267 617 latiis]
1295 544 1360 612 Qum
1386 543 1489 618 frigidis
1513 543 1685 617 humidisque
1709 542 1839 603 noouhoa

234 646 328 713 Quart,
343 643 463 715 inquam,
475 638 557 711 tebet]
569 639 672 696 Obtusa
684 646 738 707 est,
752 646 780 694 et
791 651 866 695 rere
881 636 989 709 sapien·
1041 647 1149 708 praeest.
1169 636 1213 694 Sol
1229 637 1318 695 dictus
1330 640 1435 707 estrei
1448 638 1510 710 quia
1523 640 1597 695 solus
1609 652 1642 695 ex
1654 638 1782 696 omnibns
1795 639 1837 695 si·

196 738 241 797 tiai
253 737 346 793 oblita.
1040 731 1151 789 dcribus
1165 741 1207 788 εει
1220 741 1324 799 tantos,
1340 731 1381 789 rel
1395 733 1532 806 quiscum
1545 743 1587 789 est
1598 743 1723 800 exortus,
1738 731 1839 789 obsco·

191 851 196 883 l
231 828 267 887 br
279 830 383 903 propris
395 824 462 900 lucei
477 825 505 883 ld
520 834 562 883 est
575 825 687 883 rationis
700 839 762 896 usu,
775 833 804 882 ει
816 822 922 895 gemina
936 820 988 880 sibi
1040 825 1109 880 ratis
1120 825 1257 895 omnibus,
1276 825 1351 881 solus
1364 834 1487 898 apparet.
1502 824 1577 883 uuna
1589 839 1606 882 a
1617 824 1733 881 lucendo
1746 824 1837 881 notul·

195 923 317 983 veritatis
327 920 512 993 speculatione
526 919 631 977 relicta.
1041 926 1103 975 uati
1116 927 1167 976 est.
1185 917 1285 974 Eadem
1307 925 1349 975 est
1369 920 1441 975 enirn
1455 917 1569 975 Lucina.
1586 916 1683 974 Cicero
1697 924 1793 973 auctor
1809 918 1838 973 in

232 1014 335 1087 Tendit}
350 1013 380 1069 ld
393 1020 435 1070 est
448 1011 587 1069 contendit
598 1018 627 1070 et
641 1009 744 1067 nititur.
1041 1009 1161 1066 secundo
1173 1008 1209 1066 de
1222 1009 1322 1065 Natura
1331 1010 1463 1067 deorum·

231 1105 287 1180 tre]
306 1105 393 1164 Ferri.
1077 1101 1113 1157 tii
1125 1101 1216 1174 metor]
1235 1101 1263 1157 ld
1277 1111 1319 1160 est
1332 1102 1386 1157 soil
1397 1115 1519 1174 compos,
1531 1100 1765 1159 babebatomuem
1776 1113 1837 1157 eam

232 1196 267 1253 ln
279 1208 395 1254 micinas
409 1192 537 1268 tenebras]
562 1195 592 1251 ln
606 1208 651 1252 res
663 1201 787 1251 terrenas
800 1204 833 1249 tc
845 1201 990 1263 corporeas
1041 1196 1147 1253 stellam
1161 1195 1279 1252 numeris
1290 1195 1525 1267 comprehensam,
1541 1207 1718 1268 quaecunque,
1730 1193 1784 1251 hnc
1795 1202 1839 1250 est

196 1290 339 1349 illecebras
355 1289 478 1361 spiritum
492 1301 541 1345 sua
556 1286 718 1359 contagione
730 1282 951 1343 obtenebrantes.
1041 1302 1104 1359 quae
1116 1286 1197 1353 besa,
1212 1295 1285 1344 mota
1297 1301 1346 1357 per
1356 1288 1445 1344 rarlos
1460 1289 1549 1357 orbes,
1561 1300 1629 1359 quos
1642 1287 1770 1359 astrologi
1786 1300 1837 1358 po·

232 1380 348 1455 Quoties]
367 1380 592 1453 Quotiescunque.
1041 1386 1120 1445 nunt,
1135 1386 1264 1436 exercent
1277 1393 1360 1450 sagos
1374 1391 1512 1447 recursus,
1528 1379 1554 1436 ld
1569 1389 1611 1437 eat
1623 1379 1753 1437 erraticos
1775 1394 1837 1435 mo·

233 1472 313 1548 Caro]
332 1471 470 1544 Cupiditas
486 1485 575 1529 rerum
589 1477 772 1528 externtmm.
1041 1479 1095 1527 tus.
1110 1471 1211 1528 Preion
1222 1487 1269 1528 eas
1283 1470 1374 1528 stellas
1387 1487 1445 1544 que
1456 1482 1551 1531 octavo
1560 1472 1630 1531 coelo
1640 1474 1730 1529 lullae
1741 1472 1838 1530 dicun·

233 1564 332 1638 Norici
351 1565 537 1638 intelligentie
550 1577 662 1634 nocem,
676 1575 789 1636 eamque
803 1561 954 1620 retardatis.
1041 1572 1097 1629 tur,
1118 1577 1231 1636 qumum
1260 1578 1390 1621 numerus
1422 1565 1574 1637 incognitus
1600 1576 1642 1622 est
1662 1567 1837 1634 astronomis,

232 1658 309 1733 acto]
327 1660 460 1716 [irritata.
1043 1665 1145 1726 septem
1166 1656 1227 1711 aliae
1245 1665 1308 1713 sunt
1327 1671 1381 1713 non
1403 1657 1430 1713 iii
1444 1669 1538 1714 octaro
1552 1660 1633 1728 emto,
1655 1668 1685 1715 ut
1706 1660 1771 1728 illae,
1787 1662 1837 1718 sed

136 1768 139 1781 ·
234 1751 354 1809 Flatibus
369 1750 487 1824 terrenis]
506 1749 635 1808 Fortuitls
652 1750 771 1819 casibus,
790 1757 819 1807 et
836 1748 991 1806 divitiarum
1044 1748 1157 1821 singulae
1170 1748 1200 1804 in
1214 1750 1327 1821 singtilis
1348 1760 1451 1822 septem
1466 1752 1542 1808 coelis
1563 1751 1749 1820 interioribus,
1766 1761 1797 1810 ut
1810 1753 1839 1814 lu

198 1842 344 1903 illecebris.
1006 1834 1032 1899 lt
1044 1845 1160 1915 septimo
1169 1845 1205 1902 sit
1214 1844 1356 1910 Saturnus.
1368 1845 1394 1900 in
1406 1844 1602 1917 sextotnpiter,
1615 1848 1642 1903 in
1652 1848 1747 1920 quinio
1755 1847 1838 1917 blara,

233 1935 340 2010 Crescit]
359 1935 489 2009 Augetur.
1041 1937 1069 1992 iii
1081 1943 1177 2008 quarto
1189 1935 1246 2003 Sol,
1262 1937 1289 1992 in
1304 1939 1385 1993 tertio
1395 1937 1496 2009 Venus,
1509 1940 1534 1995 in
1549 1941 1668 1997 secundo
1678 1932 1842 2013 berennus,
1869 1970 1878 1987 ·

235 2029 268 2085 lii
283 2028 444 2102 immensum]
464 2028 536 2086 llltra
547 2028 667 2085 modum.
678 2027 823 2086 Sciendum
842 2036 885 2085 εει
903 2029 989 2086 homi·
1041 2028 1069 2085 lu
1083 2029 1263 2101 primohuna.
1277 2028 1310 2084 Et
1320 2030 1363 2085 bic
1375 2031 1459 2086 stellm
1473 2032 1586 2099 planetae
1596 2032 1731 2102 dicuntur,
1742 2034 1768 2090 id
1781 2044 1838 2103 est,

199 2134 262 2181 netu
275 2121 444 2188 interiorem,
460 2121 512 2179 hoo
525 2132 576 2188 est,
594 2120 717 2192 spiritum
731 2129 930 2191 sitoptenatura
941 2134 991 2191 per
1042 2121 1165 2177 erratiles
1179 2121 1252 2189 (nam
1261 2122 1406 2196 nicaeapoli
1416 2122 1509 2180 Grcce
1520 2138 1582 2181 erro
1591 2124 1743 2197 signlicat:
1765 2127 1839 2185 unde
1940 2142 1943 2147 ’

199 2212 248 2271 uei
263 2213 376 2285 gratiam
391 2213 455 2271 iertl
469 2215 497 2272 in
511 2230 601 2272 rerum
613 2214 763 2273 celestium
784 2213 989 2283 contemplatio·
1041 2213 1123 2271 ribos
1139 2226 1218 2268 error
1234 2221 1263 2269 et
1276 2214 1375 2278 elisos
1388 2216 1523 2282 πλάνητες,
1545 2217 1651 2286 planes,
1671 2218 1795 2288 planem,
1809 2231 1840 2279 ει

199 2318 261 2362 inem
272 2317 380 2360 :ierom
391 2318 423 2361 ex
437 2305 536 2362 terreni
546 2304 667 2377 corporis
676 2304 881 2374 contagionem
892 2312 993 2375 tempo·
1042 2305 1182 2368 πλανήτης,
1194 2320 1288 2376 tagus,
1300 2306 1385 2377 erro),
1397 2310 1458 2378 quia
1473 2319 1500 2365 et
1511 2323 1591 2365 cursu
1604 2325 1653 2367 suo
1667 2310 1802 2381 iemntur,
1812 2322 1839 2372 et

200 2394 295 2452 talium
310 2408 400 2451 rerum
413 2397 542 2466 appetitu,
556 2397 637 2453 variis
650 2395 896 2467 perturbationibus
907 2395 990 2463 allici,
1043 2404 1136 2453 contro
1151 2397 1212 2455 ciali
1227 2400 1354 2470 impetum
1371 2403 1506 2458 contrario
1520 2414 1594 2460 motu
1609 2405 1642 2460 ad
1657 2407 1789 2465 orientem
1803 2407 1839 2464 ab

200 2493 229 2544 et
239 2486 274 2543 ab
288 2487 377 2544 olltclo
389 2502 439 2544 suo
448 2488 589 2546 retardari.
603 2488 718 2559 Spiritus
731 2488 840 2560 quidem
851 2494 992 2559 promptus
1044 2490 1186 2547 occidente
1200 2491 1352 2548 volvuntur.
1368 2493 1481 2561 Plinius,
1494 2495 1618 2553 historiae
1631 2496 1723 2553 mundi
1737 2499 1783 2555 lib.
1796 2514 1840 2557 se-

200 2586 253 2644 eat,
272 2592 337 2636 caro
355 2589 447 2637 autem
466 2579 572 2641 inllriua
591 2579 699 2654 (blattis.
711 2580 780 2652 xri).
802 2578 893 2635 Danda
911 2579 994 2649 igitur
1044 2580 1144 2653 cnudo,
1156 2596 1216 2653 cap.
1230 2591 1319 2651 sesto,
1331 2593 1434 2657 septem
1448 2601 1480 2643 ea
1494 2586 1582 2643 sidera
1595 2588 1676 2644 tradit
1686 2590 1718 2647 ab
1732 2589 1840 2649 incessu

201 2670 333 2739 imprimis
356 2671 456 2728 homini
477 2681 520 2728 cst
539 2687 631 2743 opera,
659 2681 689 2728 ut
710 2671 829 2742 depulsis
850 2684 993 2744 pravarum
1045 2676 1136 2732 rocarl
1149 2674 1277 2743 citantis,
1292 2692 1354 2735 cuin
1367 2688 1459 2736 erteiit
1473 2682 1544 2739 nulla
1564 2683 1653 2740 minus
1673 2684 1736 2739 illis.
1762 2683 1840 2742 Unda

200 2764 371 2822 altecdonum
393 2764 518 2831 nubibus,
539 2763 678 2833 spirituale
698 2762 790 2820 lumen
811 2762 946 2835 ebulgeat,
966 2770 995 2819 et
1045 2773 1074 2823 ct
1086 2765 1225 2827 Ciceronis
1238 2777 1345 2827 exciam
1358 2787 1470 2830 sersus:

201 2856 335 2930 'hibbitu‘
343 2858 443 2929 iuditii
453 2868 532 2915 ¹0⁰⁸oe
543 2858 639 2915 ¹²¹i⁰¹¹i
652 2856 818 2929 ‘Ubiuti‘fflss
834 2856 891 2912 ³⁰⁰
903 2864 994 2912 ’Μ
1108 2871 1168 2931 boa
1179 2873 1257 2925 verbo
1269 2878 1295 2925 ει
1305 2873 1370 2926 inlsis
1380 2875 1507 2929 Graiorum
1518 2879 1620 2931 roribus
1631 2889 1730 2945 errant,

202 2950 333 3023 estquod
352 2966 423 3008 nunc
441 2949 611 3023 philosophia
630 2951 657 3007 in
677 2950 762 3008 Boetii
781 2948 994 3007 consolationem
1107 2932 1207 2986 littei·
1219 2940 1289 2987 totto
1302 2937 1369 3000 lapsu
1378 2940 1507 3003 spatioque
1520 2939 1641 2994 teruntur.

202 3038 327 3099 instituit,
347 3042 473 3114 Ppggggpg
486 3043 666 3114 compositum
679 3050 731 3109 egi,
746 3057 781 3098 ex
793 3057 848 3113 pm
861 3050 889 3098 et
902 3051 992 3113 caput,
1046 3026 1120 3087 idem
1139 3031 1166 3086 itt
1186 3030 1304 3088 Secundo
1317 3031 1351 3090 (id
1365 3031 1465 3089 Natura
1479 3034 1590 3092 deorum
1611 3054 1619 3090 t
1639 3036 1754 3095 hialim
1774 3053 1842 3097 vete

202 3128 698 3205 propriseptmppaecgpgdicigpp‚qui
712 3134 748 3189 ῃ,
761 3133 994 3200 cappi‚,ugp00p.
1046 3122 1218 3182 admirabiles
1241 3133 1304 3181 suut
1327 3134 1415 3182 motus
1440 3142 1530 3184 earum
1549 3129 1668 3202 quinque
1689 3131 1842 3201 stellarum,

202 3236 264 3281 siim
278 3222 403 3292 mittitur,
414 3234 443 3280 ut
456 3233 536 3295 caput
549 3223 693 3295 precedat.
709 3223 778 3279 llinc
789 3233 816 3279 ει
829 3224 903 3281 locus
917 3208 1034 3281 altiusC
1049 3230 1110 3288 que
1122 3215 1190 3273 laiso
1202 3225 1334 3274 nocentur
1348 3227 1479 3277 errantes.
1499 3219 1572 3276 Nihil
1587 3222 1658 3277 enirn
1673 3230 1754 3291 errat,
1769 3224 1842 3295 quod

204 3315 301 3373 dieitur
312 3330 442 3387 preceps,
455 3315 526 3386 quod
537 3315 600 3373 iuda
612 3315 671 3386 puis
685 3315 763 3371 lacile
773 3315 934 3385 precipitari
948 3328 997 3387 po·
1049 3309 1077 3366 ln
1087 3309 1161 3365 omni
1171 3310 1322 3367 eternitate
1333 3320 1475 3368 conseritt
1486 3326 1642 3384 progressus
1654 3324 1681 3370 ει
1692 3330 1843 3387 regresms,

204 3414 258 3464 test
270 3423 278 3462 ι
292 3415 320 3464 ει
335 3422 427 3463 rursus
447 3406 474 3462 id
487 3406 558 3478 quod
574 3405 735 3477 protundum
752 3414 803 3474 εει,
822 3421 942 3478 praeceps
955 3406 996 3463 di·
1049 3399 1220 3475 rellquosque
1235 3408 1324 3459 motus
1336 3411 1489 3460 constantes
1504 3413 1532 3459 et
1544 3417 1630 3460 raros.
1652 3403 1737 3461 Porro
1750 3407 1843 3474 plane-

204 3499 284 3567 cltur,
297 3498 370 3570 quod
384 3499 412 3554 iu
424 3498 451 3554 id
464 3498 626 3570 potestquld
641 3498 814 3570 praecipitari.
829 3498 957 3571 Virgilius
969 3499 998 3555 iu
1048 3503 1136 3551 taratu
1154 3493 1257 3551 medius
1274 3494 1316 3551 sol
1334 3494 1418 3552 iertur
1431 3496 1596 3567 amplissima
1611 3496 1792 3569 magnitudine
1810 3513 1844 3555 ao

204 3590 366 3648 undecimo:
1049 3594 1191 3659 potestate,
1207 3600 1257 3644 nec
1270 3595 1420 3657 temporum
1434 3588 1515 3645 niodo
1529 3597 1724 3662 terrarumque,
1740 3591 1787 3646 sed
1803 3590 1844 3647 si-

267 3681 328 3734 l‘srs
340 3682 365 3731 ln
377 3681 514 3747 precipites
523 3679 599 3732 iosias
609 3686 716 3746 urgente
727 3682 808 3745 ruina,
1049 3676 1145 3733 derum
1159 3677 1240 3734 etiam
1255 3677 1374 3749 ipsorum
1388 3679 1502 3749 celique
1517 3688 1607 3736 rector
1620 3698 1626 3734 :
1641 3679 1684 3737 hic
1698 3681 1784 3737 lucem
1800 3696 1843 3737 rc·

266 3742 386 3795 Υθῑιῑῑῠῐ·
468 3827 474 3840 ·
609 3827 615 3841 .
636 3827 664 3841 ..
1049 3770 1101 3827 bus
1114 3771 1255 3837 ministrat,
1267 3770 1408 3844 aufertque
1425 3772 1560 3844 tenebras,
1574 3772 1616 3830 bic
1634 3774 1736 3846 reliqua
1752 3774 1844 3833 sidera

205 3826 241 3887 Et
251 3827 292 3887 slc
304 3827 404 3884 dictum
419 3841 520 3900 accipe,
536 3835 665 3899 precipiti
680 3827 823 3898 profundo.
848 3827 914 3886 ltem
927 3843 997 3902 prta-
1050 3863 1177 3933 mm,
1194 3865 1238 3922 h„
1253 3864 1324 3922 ,pm
1346 3874 1495 3937 ,mmmm
1510 3881 1663 3938 annumque
1677 3880 1784 3937 sempe,
1797 3881 1844 3922 η.

205 3933 286 3991 ‘W'
300 3918 427 3989 “mnu'’
442 3918 619 3989 'nmmum’
636 3919 807 3979 mmm·
831 3918 884 3977 δώ
896 3918 931 3976 ‘¹⁰
945 3919 998 3978 ¹¹⁰⁰
1050 3963 1205 4012 nascentem
1216 3971 1249 4012 ex
1260 3971 1310 4012 usit
1321 3967 1423 4013 naturae
1432 3967 1572 4030 temperat,
1583 3958 1625 4015 liic
1635 3959 1695 4016 cicli
1708 3958 1845 4017 tristitiaui

207 4022 279 4067 ²⁸⁰⁰
290 4010 366 4066 ⁸²¹¹&
1049 4046 1267 4136 discutiuntque
1284 4050 1365 4105 etiam
1382 4051 1471 4107 nubila
1490 4051 1596 4107 humani
1616 4051 1700 4107 animi
1719 4061 1845 4109 serenat:

242 4097 312 4155 ΠΜ
331 4100 436 4157 ‘milli'
456 4101 561 4173 danim
583 4099 652 4174 ⁰⁶¹⁰]
678 4102 751 4160 5²⁰⁰
775 4118 854 4176 ΨΜ
879 4104 997 4176 ‘¹⁰⁸⁸'ss
1050 4139 1095 4197 bio
1107 4155 1185 4198 suum
1200 4140 1290 4199 lumen
1306 4144 1410 4201 ceteris
1423 4160 1530 4217 quoqne
1549 4145 1681 4202 sideribus
1697 4145 1845 4202 teneratur.

206 4191 362 4263 metaphora
373 4192 473 4249 dictum
485 4194 537 4250 buc
546 4202 596 4249 est.
608 4192 674 4250 Cum
685 4196 756 4251 enlm
766 4209 830 4251 cura
841 4195 918 4267 quasi
929 4196 998 4267 ignis

207 4282 423 4349 elementem,
438 4294 511 4342 recte
531 4286 646 4342 terrenis
660 4286 766 4343 llatibus
781 4287 824 4359 agi
838 4284 998 4359 incitarique

207 4373 317 4432 dicitur.
331 4375 398 4431 bani
411 4386 440 4433 ut
450 4377 497 4432 ille
506 4376 582 4443 dicit,

265 4488 378 4541 Nutritur
388 4499 472 4552 vento,
485 4490 529 4541 sed
542 4504 604 4556 aqua
615 4495 779 4557 restinguitur
791 4497 856 4559 ignls
863 4511 872 4559 ;

300 4551 374 4603 benis
383 4552 427 4603 alit
437 4554 553 4616 llammas,
566 4556 679 4614 grandior
690 4570 748 4607 atita
760 4566 842 4621 negat.

242 4633 294 4691 llic
307 4637 438 4707 gambara
454 4641 516 4692 creto
530 4637 593 4693 liber
607 4638 705 4711 operto]
728 4640 905 4700 Peculiariler
916 4657 998 4716 super

1050 4234 1135 4304 liuius
1148 4220 1253 4291 annuos
1273 4250 1368 4293 cursus
1387 4239 1483 4310 spatiis
1503 4241 1648 4317 menstruis
1669 4241 1730 4295 lona
1750 4253 1845 4295 conse·

1050 4327 1159 4398 quitur,
1190 4327 1269 4397 cuius
1292 4330 1477 4387 tenuissimum
1503 4332 1592 4387 lumen
1618 4332 1682 4387 iacit
1707 4332 1845 4402 protimus

1050 4431 1174 4475 accessus
1184 4418 1217 4474 ad
1229 4420 1327 4487 solem,
1338 4421 1474 4492 digressus
1486 4431 1574 4477 autem
1588 4420 1759 4493 longissiiims
1770 4422 1845 4492 quis-

1050 4525 1102 4583 que
1115 4510 1307 4580 plenissimum.
1321 4510 1414 4585 Neque
1429 4513 1515 4569 solum
1529 4514 1588 4583 eius
1602 4513 1705 4583 species
1715 4529 1746 4569 ac
1758 4512 1845 4571 iorma

1008 4592 1178 4675 limutotur,
1202 4614 1257 4662 tum
1282 4607 1440 4672 crescendo,
1469 4617 1524 4663 tuin
1545 4607 1692 4663 defectibus
1715 4608 1744 4662 iu
1769 4606 1846 4665 initia

206 4728 345 4787 immutato
358 4730 443 4786 boetii
457 4740 548 4787 mente
560 4731 678 4803 graviter
697 4733 860 4802 indignatur,
881 4746 908 4793 et
921 4751 937 4793 o
950 4752 997 4795 cu·
1049 4696 1223 4763 mmm
1236 4696 1284 4752 Μ
1293 4697 1373 4752 ‘ihm
1385 4698 1468 4769 '⁸⁸5⁰’
1480 4713 1540 4768 ‘¹¹¹ae
1551 4706 1605 4753 ium
1617 4707 1658 4753 ⁰⁵¹
1669 4696 1845 4769 ³q⁰i¹⁰⁰³¹i⁸'

205 4818 320 4894 jusmodi
335 4830 420 4878 smus
434 4823 589 4880 mnemia
602 4823 722 4896 dejectus
737 4826 782 4893 sit.
796 4826 886 4885 dom·
1050 4800 1105 4846 tum
1119 4788 1254 4845 australis.
1265 4788 1371 4845 Saturni
1383 4788 1471 4858 stello,
1482 4804 1541 4860 qitae
1552 4791 1645 4845 celsos
1656 4787 1783 4845 adiecit
1796 4801 1846 4842 no·

242 4910 305 4984 mc]
326 4913 444 4970 Boetius·
1049 4883 1178 4949 minatur,
1191 4895 1208 4936 a
1220 4889 1292 4938 terra
1305 4882 1382 4937 abeat
1393 4881 1546 4951 plurimum,
1562 4890 1588 4936 ct
1601 4880 1708 4952 triginta
1724 4880 1781 4935 iere
1795 4894 1846 4935 ati-

241 5004 316 5059 titcr
329 5003 469 5077 quoipiam]
491 5004 558 5063 eum
579 5008 698 5066 mudum
718 5010 888 5082 passionibus
910 5013 993 5071 ,nimi
1050 4982 1092 5038 riis
1104 4995 1213 5038 cursum
1227 4994 1305 5035 suum
1317 4978 1436 5036 coniicit.
1465 4978 1535 5032 inira
1551 4986 1640 5033 nutem
1651 4978 1723 5081 hauc
1735 4977 1847 5047 propius

206 5096 329 5153 serviret.
1047 5082 1142 5131 stetin
1153 5072 1227 5129 totis
1240 5071 1316 5129 stella
1331 5069 1426 5138 lertur,
1446 5085 1506 5140 qiiae
1520 5073 1615 5127 auitos
1630 5068 1743 5135 dicitur,
1758 5083 1847 5138 cuque

241 5186 348 5259 Suetus]
368 5187 479 5245 Sollius.
1047 5165 1170 5223 eumdem
1182 5163 1322 5221 duodecim
1334 5163 1470 5234 signorum
1482 5162 1574 5217 orbern
1585 5160 1663 5215 annis
1676 5160 1710 5214 lt
1721 5158 1842 5215 coniicit.

198 5334 200 5339 ,
238 5279 293 5352 ire]
308 5279 385 5338 Ferri
397 5284 622 5355 contemplacione
636 5288 663 5345 pn
674 5290 807 5350 ,ahenos
817 5303 932 5364 meatus,
945 5297 996 5355 hoc
1047 5262 1115 5318 ilinc
1124 5269 1213 5315 aiitem
1222 5258 1372 5330 proximum
1382 5256 1536 5312 interiorem
1545 5255 1638 5310 orbciu
1648 5261 1719 5309 tenet
1728 5254 1844 5359 lippire,

205 5381 256 5439 est,
271 5374 298 5429 in
314 5381 715 5454 motnceorpornrncoetesiioni,
728 5386 807 5456 idque
817 5388 888 5444 coelo
899 5399 992 5459 aperto
1046 5370 1106 5428 ‘¹¹⁸²'
1119 5354 1195 5459 ἥκῃ*
1206 5354 1299 5409 ”iiiii
1312 5351 1472 5457 illidimur,
1485 5364 1570 5455 caque
1579 5356 1693 5452 nuttiior
1707 5354 1843 5452 sanginis

205 5473 232 5519 et
246 5465 392 5523 intellectui
405 5469 546 5540 patelacto,
559 5476 685 5531 cernebat
700 5477 799 5534 liimiua
815 5481 900 5546 rosei,
914 5481 940 5536 id
954 5492 996 5541 εει
1047 5446 1194 5512 'mmm’
1219 5460 1267 5501 ⁸⁰¹
1294 5445 1335 5518 (ω
1356 5451 1483 5514 οβ’ΜωΓ
1501 5443 1607 5511 cmm)
1634 5439 1730 5495 ⁶¹²b¹¹⁸
1755 5453 1845 5495 ’ΝΜ

206 5556 344 5614 rubicundi
354 5570 401 5617 aut
411 5561 514 5633 pulchri
527 5574 555 5623 et
566 5566 647 5625 lucidi
658 5569 733 5627 solis.
746 5570 820 5628 biam
834 5574 861 5629 iii
876 5590 923 5629 ai:
1047 5541 1171 5601 ‘widem
1185 5539 1281 5595 ΜΨ
1299 5538 1391 5594 “bem
1406 5552 1486 5608 (luam
1502 5552 1562 5607 ‘1¹¹ae
1577 5536 1740 5604 summi·
1769 5532 1841 5589 inim

267 5650 297 5700 lli
308 5653 541 5718 roseustcaeesjsm
552 5662 855 5723 gurgitel’lnruusluero
1047 5638 1116 5691 hanc
1134 5639 1223 5689 autem
1242 5631 1299 5688 sole
1316 5631 1475 5701 interposito
1493 5628 1570 5684 steila
1583 5626 1697 5683 veneis
1711 5635 1765 5693 est,
1782 5639 1843 5697 ciue

266 5710 355 5774 '¹¹¹ssat
367 5724 662 5785 ι(11108,ῐιῡθῑθιιιιιιιεειιε
674 5724 774 5778 labente
786 5726 894 5779 reducat.
1048 5727 1182 5803 φωσφόρος
1196 5721 1299 5790 Graec,
1322 5721 1427 5777 Litciler
1440 5719 1536 5775 Latine
1558 5717 1667 5787 dicitnr,
1689 5732 1750 5775 cum
1766 5726 1843 5771 ante·

244 5793 358 5869 γίιιΜ’]
375 5798 540 5860 intuebatur.
1045 5820 1166 5888 preditus
1190 5817 1276 5876 solem
1296 5833 1304 5875 ι
1328 5830 1390 5874 cum
1409 5813 1579 5889 subsequitur
1598 5811 1840 5889 autcm'boripos.
