3906 6180
26 274 105 362 tlt

703 270 948 334 EPISTOLARUM
968 276 1032 334 cta.
1056 277 1099 336 tt.

1648 282 1695 351 m

65 389 1678 422 mm—

623 496 813 643 utnun
845 494 1117 609 saurus,

302 770 470 831 bristoud
491 770 605 827 Phthla.

285 881 413 921 cauoott's
434 863 442 894 ¹
463 881 624 921 usurarum.

90 958 144 1014 Nisi
166 967 193 1013 te
207 954 329 1013 cillictitn
345 945 504 1028 diligerem,
521 966 548 1011 et
568 959 603 1026 pii
623 956 712 1013 cordis
732 958 853 1013 soliditas

55 1052 239 1110 indomabili
256 1049 347 1108 radice
359 1058 511 1116 constaret,
527 1061 617 1119 posset
633 1052 790 1121 ittjttriarum
807 1054 853 1108 do·

55 1141 111 1201 lore
134 1155 312 1217 prov-ocutus,
335 1145 375 1200 vel
399 1159 459 1198 curu
483 1142 624 1213 pueriliter
646 1146 789 1210 irasceris.
811 1145 853 1202 vel

55 1253 114 1295 ctam
134 1248 293 1311 arroganter
315 1236 469 1307 supplicas,
486 1238 661 1292 cocuntureci.
687 1236 757 1292 Nihil
781 1237 853 1293 euim

55 1331 172 1398 invenio,
185 1330 257 1401 quod
268 1331 304 1384 sit
315 1329 442 1384 falaricata
454 1328 605 1384 humilitate
616 1329 768 1400 superbius.
781 1329 854 1385 Pras·

55 1423 113 1478 lero
134 1421 311 1478 contumelias
339 1421 434 1475 lunatae
459 1419 562 1483 tutunus,
578 1419 714 1489 obsequiis
732 1439 739 1476 ε
760 1421 855 1479 trausit

865 735 1069 818 Atransuttuo.
1089 764 1164 831 Quod
1180 775 1318 841 superest,
1335 774 1494 830 reverentiae
1509 784 1606 835 vestrae
1626 780 1700 851 quid·

904 850 967 919 quid
988 852 1068 910 babet
1088 854 1225 914 humilitas
1248 861 1401 920 deuutouts
1425 867 1575 937 oderimus,
1600 877 1699 943 suppli·

903 958 967 998 cans
988 955 1015 1000 ut
1031 948 1132 1004 litteras
1145 960 1250 1009 vestras
1275 956 1319 1012 vel
1341 972 1389 1030 pro
1410 976 1531 1019 mearum
1543 966 1699 1024 assiduitate

902 1036 957 1107 lam
973 1054 1087 1097 merear.

1184 1137 1348 1198 aristosa
1369 1145 1413 1200 ht.

1156 1246 1284 1287 cuneatus
1299 1250 1446 1297 connects.

941 1315 1041 1373 Rerum
1058 1319 1177 1376 onmium
1194 1339 1288 1380 currant
1304 1329 1440 1400 ohsequiis
1454 1335 1586 1407 corrueris,
1604 1341 1700 1393 astitua-

904 1420 963 1463 rum
977 1419 1081 1465 constat
1101 1411 1215 1481 imperio
1231 1433 1239 1469 :
1254 1417 1324 1472 aliud
1341 1421 1464 1476 nobilitat
1480 1426 1597 1482 coelcstis
1611 1430 1700 1484 altini·
1785 1472 1791 1480 .

55 1515 263 1573 amaritudinem
275 1512 390 1569 dulcedo
403 1512 538 1569 simulata.
555 1511 612 1569 Nou
627 1529 694 1583 opus
705 1522 748 1570 est
760 1511 855 1583 depre·
905 1497 968 1570 iis,
992 1501 1063 1558 ³¹i¹¹¹¹
1087 1502 1202 1576 Pb10⁰²ff⁰
1217 1517 1323 1565 leiim
1342 1513 1486 1571 summust·
1509 1515 1564 1573 N⁰⁰
1584 1518 1701 1579 liberum

56 1611 217 1680 udonibus,
229 1608 251 1664 si
261 1624 321 1681 quse
334 1616 360 1663 te
371 1616 465 1663 catena
483 1614 571 1662 uectat
584 1607 721 1677 intelligia.
740 1607 854 1665 Poscant
905 1602 946 1650 est
970 1605 998 1650 ut
1013 1613 1066 1667 quu
1079 1614 1154 1655 meus
1167 1601 1221 1656 [leo
1232 1615 1343 1672 parente
1355 1607 1452 1664 collata
1467 1609 1617 1681 deflexerit,
1629 1614 1702 1684 quod

56 1717 108 1774 pm
122 1699 276 1757 excessibus
296 1699 423 1766 vem,
443 1698 540 1769 quim,
559 1706 599 1753 ,sq
616 1698 727 1764 prmum
744 1713 797 1754 00„
811 1714 854 1769 pa.
905 1681 940 1740 de
966 1686 1066 1743 ultimis
1084 1702 1252 1763 assumptum
1274 1707 1315 1751 est
1344 1713 1396 1753 nou
1412 1711 1560 1771 sequatur:
1578 1719 1628 1760 uec
1641 1704 1702 1762 hcet

56 1809 129 1849 me,
144 1792 181 1847 „a
198 1790 311 1845 famulos
328 1788 406 1846 „obis
419 1772 537 1845 'copem
550 1779 644 1859 juppon
664 1789 795 1845 ,impuro
811 1791 855 1847 qe.
907 1778 1019 1835 militem
1035 1781 1140 1838 obtiatu
1157 1801 1264 1842 manum
1279 1788 1396 1845 decretis
1411 1792 1581 1864 imperatoris
1594 1795 1701 1855 afferre.

57 1881 854 1957 pum,u,inquawnquemfflspmedeflmfjmpo.
908 1869 974 1925 ilinc
1005 1871 1117 1944 Crispus
1138 1880 1253 1935 asseruit
1285 1882 1607 1954 aliuduobiscumdils,
1630 1889 1703 1946 aliud

56 1993 115 2033 mm
140 1976 289 2031 Recessim
307 1974 460 2029 inclinem
489 1973 534 2029 qq,
558 1982 697 2043 exspem„
721 1974 852 2042 premens,
906 1977 967 2017 cum
984 1964 1079 2020 belluis
1096 1982 1156 2022 esse
1178 1984 1330 2029 cotttmtme.
1346 1976 1356 2008 ¹
1374 1975 1456 2044 liujus
1478 1978 1574 2032 secreti
1600 1981 1704 2037 ratione

55 2069 102 2140 qui
118 2068 291 2133 destrictum,
313 2067 334 2120 si
356 2066 437 2134 uelit,
455 2065 570 2120 reintate
592 2066 675 2133 possit
701 2066 851 2133 imperinm.
907 2071 967 2110 ⁰²¹¹st
983 2058 1139 2114 ³¹¹⁸⁰P¹lb⁸¹³
1163 2065 1374 2134 Pefebiiffiffiffi·
1391 2079 1418 2122 ⁰¹
1432 2070 1504 2125 ⁸²¹V³
1521 2072 1704 2129 memmium

55 2156 139 2217 fland
154 2158 245 2229 procur
262 2168 287 2212 re
300 2158 333 2214 et)
347 2158 396 2213 huc
415 2156 508 2211 urdine
528 2158 635 2227 evagari
652 2166 772 2226 potestus
786 2158 851 2212 msto
906 2147 1081 2219 valetudiue,
1107 2165 1244 2209 amantum
1261 2158 1379 2214 teht-ihus
1404 2175 1548 2221 astuamus
1565 2181 1572 2220 a
1587 2180 1635 2236 per
1648 2167 1705 2224 baec

55 2269 71 2308 a
98 2253 155 2308 Deo
177 2252 307 2309 attributa
332 2252 454 2319 patiehtr.
483 2251 582 2320 Optare
615 2257 642 2304 te
667 2247 792 2303 convenit
822 2262 856 2303 tte

55 2345 293 2403 mansuetudinem
316 2325 400 2416 ¹quam
418 2344 444 2398 in
468 2359 512 2398 me
535 2341 667 2414 praedicas
699 2343 855 2397 meriturum

57 2447 166 2496 tuorum
180 2436 363 2493 consideratio
375 2437 445 2507 justa
461 2436 629 2504 devenustet,
645 2444 671 2491 et
684 2434 791 2506 pietatis
808 2445 858 2490 tra·

56 2533 149 2588 mitem
161 2532 300 2601 culparum
316 2523 459 2586 multitudo
473 2529 615 2599 depretiet.
631 2528 717 2594 Licet,
730 2529 756 2583 ui
770 2526 857 2593 lallor,

57 2617 270 2681 misericorditer
284 2622 404 2677 vindicta
415 2621 557 2678 comitatur
572 2630 722 2687 errantem,
740 2633 790 2674 nec
805 2620 858 2674 ulla

57 2728 103 2775 est
116 2719 203 2789 potior
217 2717 343 2787 patientia
372 2716 423 2771 uisi
436 2731 494 2787 qum
507 2714 580 2770 vitiis
592 2697 761 2770 aditttm'uou
775 2713 861 2768 reela·

58 2811 102 2866 dit
114 2853 123 2876 ,
137 2825 151 2865 a
166 2818 193 2866 te
203 2818 289 2864 tamn
304 2808 419 2865 lacessat
432 2808 578 2879 indignatio
591 2816 682 2862 nostra
696 2824 702 2861 :
715 2806 776 2875 cruia
787 2805 859 2877 quod

57 2899 228 2972 deliqueris,
244 2915 297 2955 uon
312 2900 429 2956 inclusus
442 2898 519 2955 dulor
533 2910 560 2951 et
575 2899 659 2968 gratia
680 2896 790 2952 lattame
806 2911 861 2951 ser·

58 3005 155 3061 vatus,
174 2991 223 3049 sed
240 2995 347 3048 verbera
365 2991 542 3061 castigabunt.
569 2989 644 3045 Nurac
664 3005 717 3046 ono
737 2989 818 3045 modo
833 2989 859 3044 iu

59 3087 212 3144 cicatricem
235 3099 334 3156 cogere
356 3085 466 3141 vulnera
486 3082 671 3152 intemperatis
689 3082 860 3137 sermonibus

908 2240 1014 2296 vincula
1038 2243 1110 2299 nulla
1137 2245 1262 2303 itinerum
1286 2250 1473 2322 interiectione
1492 2256 1656 2326 dividimur,
1677 2268 1706 2316 et

908 2338 1039 2405 seureqatt
1063 2337 1241 2407 habitaculis,
1266 2343 1292 2397 in
1307 2359 1389 2400 uuuru
1405 2347 1500 2402 studiis
1519 2351 1704 2410 convenimus.

909 2425 1005 2493 Nosti,
1023 2443 1100 2484 soror
1115 2428 1295 2501 venerabilis,
1311 2443 1339 2490 et
1352 2451 1459 2495 omnem
1474 2441 1544 2509 apud
1558 2457 1601 2498 me
1616 2450 1705 2499 trans·

910 2535 1001 2590 gre=sa
1018 2521 1198 2591 dulcedinem,
1210 2541 1269 2595 quae
1284 2528 1466 2598 praelationem
1482 2534 1615 2603 exegisset
1627 2549 1707 2591 occa·

911 2614 963 2668 siu.
991 2613 1066 2671 Nunc
1089 2631 1183 2688 aperta
1209 2630 1297 2675 tecum
1319 2632 1347 2678 et
1366 2625 1476 2698 prodiga
1498 2629 1607 2696 pudoris
1621 2627 1708 2685 trente

911 2707 1081 2776 cungrediar.
1116 2708 1166 2764 Vix
1197 2727 1256 2777 quae
1279 2721 1342 2771 ante
1366 2714 1506 2772 direxeras
1527 2717 1708 2776 blandimenta

911 2789 1030 2853 'sustiuui
1049 2819 1055 2852 z
1072 2810 1131 2871 post
1146 2802 1358 2863 admonitionem
1371 2824 1457 2864 meam
1470 2810 1585 2881 duplicia
1598 2812 1625 2866 itt
1638 2812 1708 2868 litte·

913 2890 950 2943 ris
965 2891 1043 2946 tuella
1057 2892 1163 2960 ludisti,
1185 2912 1245 2968 quae
1259 2909 1313 2953 tota
1329 2902 1445 2970 pectoris
1460 2913 1566 2958 secreta
1581 2913 1708 2962 concute·

914 2991 1013 3055 rent-ct
1030 2984 1063 3039 ad
1085 2986 1248 3042 desiderium
1265 2989 1302 3043 tui
1327 2993 1459 3060 captiuam
1479 2994 1595 3050 animam
1616 2997 1708 3053 relicta

914 3075 1038 3143 corporis
1052 3075 1116 3130 sede
1132 3078 1319 3134 transterrent.
1345 3081 1430 3149 Quam
1463 3084 1544 3143 timeo
1566 3102 1600 3142 ue
1616 3103 1709 3146 rursus

60 3179 165 3246 ingesta
179 3175 355 3248 praevalebis,
371 3176 394 3230 si
410 3186 436 3231 te
450 3189 498 3245 per
511 3175 630 3231 culmina
645 3172 763 3229 liberalis
778 3173 863 3242 studii
915 3166 949 3220 ad
965 3167 1096 3222 incertum
1122 3169 1276 3226 remittatur
1288 3171 1414 3242 θῐῐθθῑῑθὶ
1438 3185 1466 3232 ei
1486 3190 1547 3234 Cum
1564 3188 1617 3238 ¹⁰⁸³
1633 3196 1710 3238 mens

60 3271 207 3342 ingenuum
222 3269 345 3326 doctrina
363 3268 563 3325 monstraverit.
589 3268 714 3336 Veniam,
728 3266 779 3321 nisi
792 3266 863 3336 peri·
916 3257 1060 3330 dil'ssettlioe
1081 3260 1140 3316 leli
1165 3262 1309 3331 lffllerii,
1330 3266 1461 3331 Subduc&
1486 3271 1634 3337 Periculum
1656 3282 1711 3329 8ῑᾶ-

61 3366 98 3421 tia
113 3363 290 3435 suffragante.
305 3379 359 3419 non
375 3363 487 3431 exiges:
505 3370 616 3425 mutata,
630 3376 681 3431 qua
696 3368 776 3415 notus
790 3373 861 3422 sum,
917 3357 988 3413 tione
1017 3358 1148 3427 patiatur!
1173 3361 1287 3416 sistimus
1303 3377 1379 3418 meus
1394 3362 1456 3433 quie
1472 3363 1525 3419 luci
1545 3367 1580 3420 sit
1604 3369 1711 3425 nescius

61 3461 126 3528 tege
140 3457 279 3527 parcendi,
298 3458 369 3512 circa
385 3455 505 3512 desidem
527 3456 656 3510 sevitiam
673 3455 723 3509 sub
739 3453 899 3549 perenni·C
919 3451 1085 3522 cognovisti,
1108 3466 1158 3506 uec
1174 3453 1360 3509 detestabilem
1376 3453 1447 3510 inter
1463 3466 1584 3513 amantes
1600 3458 1710 3519 urbani-

61 3561 120 3606 tate
135 3550 256 3606 serrabo.
280 3549 358 3618 Quod
379 3556 472 3612 restat,
490 3548 573 3603 ileum
589 3562 697 3620 precor,
713 3556 741 3600 ut
758 3548 857 3612 valeas,
917 3553 997 3598 tatem
1014 3545 1097 3614 possit
1116 3561 1266 3602 assumere.
1292 3547 1349 3603 Tua
1371 3564 1466 3606 rursus
1477 3552 1613 3608 diversum
1629 3560 1709 3609 sertis

63 3653 90 3700 et
102 3648 137 3698 de
151 3645 275 3699 versibus
290 3643 357 3708 tuis,
379 3642 482 3700 coelcsti
498 3640 589 3698 lature
604 3642 762 3708 contitutus,
783 3657 858 3711 spcttt

64 3750 160 3808 augeas
171 3752 252 3808 quam
267 3735 379 3792 dedisti.

358 3824 524 3884 aristosa
540 3827 570 3882 ll.

333 3934 460 3974 auruncus
480 3932 590 3972 cucsro.

98 4012 214 4067 Summa
222 4010 382 4080 gaudiorum
397 4019 438 4066 cst
448 4010 634 4079 opportunitas
648 4009 801 4078 perlatoris,
815 4009 860 4079 qui

69 4105 187 4160 minister
198 4103 347 4176 diligentiae
371 4119 418 4175 per
438 4101 611 4159 necessitates
635 4118 697 4158 suas
721 4102 861 4161 desideriis

71 4195 223 4264 obsequium
244 4203 354 4265 praestat
371 4196 475 4251 alienis.
502 4195 577 4251 lluuc
600 4194 708 4267 qttldem
735 4196 862 4250 hurrestas

72 4287 257 4353 comuteudat,
272 4298 299 4344 ct
313 4289 469 4358 peregrinus
484 4290 517 4343 ab
541 4289 632 4345 olllcio
648 4291 804 4345 mercaturis
819 4303 864 4359 pu-

74 4379 115 4436 dor
139 4381 262 4435 insinuat
282 4399 289 4437 ε
311 4381 452 4452 jungitur,
475 4381 546 4450 qnod
574 4382 598 4438 el
622 4383 715 4438 notitia
737 4384 863 4437 culminis

75 4475 149 4528 vestri
171 4474 206 4526 ad
220 4473 298 4529 tidem
314 4475 455 4542 probitatis
475 4473 598 4530 accessit.
620 4468 694 4529 Nam
711 4473 864 4543 scriptionis

77 4566 231 4620 veneranda
253 4564 373 4638 frugibus
388 4568 446 4636 ipso
464 4577 634 4623 cumtueante
656 4567 768 4621 satiatus
792 4582 863 4624 sum.

78 4653 192 4711 ltettmdo
207 4672 271 4728 ergo
285 4659 451 4728 depositum,
467 4659 549 4716 cilicii
564 4662 622 4730 lege
641 4660 817 4724 con-tricttts3
838 4665 866 4712 et

79 4761 148 4818 quem
173 4750 200 4804 in
225 4749 333 4822 liguria
353 4750 468 4820 positum
490 4767 539 4821 pro
560 4752 656 4808 uirium
681 4751 866 4808 mediocritate

913 3647 940 3692 et
954 3646 1048 3691 natura
1060 3638 1213 3707 pollicetur,
1222 3647 1252 3694 ut
1261 3639 1325 3696 dicit
1338 3643 1553 3713 sapientissimus
1567 3643 1708 3702 Salomon:

912 3730 1030 3785 Attimn³
1051 3746 1109 3801 que
1130 3731 1156 3785 itt
1180 3734 1315 3787 saturitate
1333 3743 1389 3804 cst,
1412 3735 1479 3805 {acts
1501 3733 1588 3791 illudit
1610 3736 1710 3808 (Prot.

872 3827 875 3835 '
914 3837 998 3890 rxvu,
1017 3823 1055 3891 7).
1081 3822 1137 3879 Scit
1164 3823 1307 3880 uerborum
1331 3839 1451 3881 meorum
1476 3828 1553 3881 testis
1573 3836 1601 3884 et
1616 3825 1708 3897 juder,

913 3911 1079 3981 disposuisse
1093 3929 1136 3968 me
1157 3914 1220 3987 (nisi
1235 3915 1303 3972 torte
1318 3914 1432 3972 subdolo
1445 3918 1539 3989 gratiae
1553 3933 1649 3990 sapore
1663 3919 1711 3979 de·

913 4003 1016 4074 cipiar,
1044 4014 1071 4061 et
1091 4005 1240 4077 degustata
1260 4009 1380 4066 caritatis
1395 4011 1496 4067 sitienti
1513 4013 1606 4081 pocula
1621 4013 1712 4071 oblata
1769 4055 1772 4060 ·

914 4098 1097 4170 submoveris)
1119 4101 1247 4169 spiritalis
1262 4102 1379 4174 cottjugii
1396 4120 1447 4159 nuti
1463 4105 1650 4175 simulacrum,
1664 4106 1718 4163 sed‘

914 4191 999 4262 ipsam
1025 4192 1137 4262 implere
1163 4194 1315 4250 veritatem.
1339 4195 1372 4251 Ut
1390 4195 1454 4254 dum
1478 4199 1549 4254 inter
1565 4216 1615 4255 nos
1630 4215 1712 4256 unum

914 4287 1000 4353 velle,
1015 4294 1042 4340 et
1054 4302 1135 4342 uuum
1150 4287 1222 4342 nolle
1237 4290 1408 4355 constiterit,
1424 4293 1466 4346 vel
1483 4292 1555 4360 quod
1572 4295 1657 4351 honos
1677 4295 1712 4352 sd

915 4378 1093 4449 imitationem
1112 4379 1248 4447 stimulet,
1265 4379 1308 4434 vel
1324 4380 1396 4450 quod
1417 4382 1503 4438 toulos
1519 4383 1637 4453 alliciat,
1654 4400 1713 4440 unr-

916 4470 988 4527 uium
1006 4472 1090 4526 oculis
1106 4481 1132 4527 ct
1148 4471 1282 4543 mentibus
1298 4471 1437 4530 crlribere.
1463 4475 1503 4531 Tu
1520 4484 1643 4546 tantum,
1659 4477 1714 4535 lien

916 4560 1030 4628 medio,
1055 4560 1186 4617 aduersus
1209 4578 1318 4617 otuuctu
1337 4581 1395 4632 quac
1419 4582 1452 4620 ex
1471 4567 1574 4622 invidia
1594 4569 1714 4626 nascitur

917 4655 1146 4725 impugnationem
1160 4698 1168 4720 ,
1186 4659 1290 4712 lirutam
1315 4660 1440 4727 pttuuitte
1455 4668 1481 4714 et
1497 4661 1714 4718 indemutabilem

917 4748 1077 4803 seruandam
1091 4764 1152 4804 csse
1167 4752 1357 4805 coustautiatu.
1373 4750 1502 4816 Qttocicca
1524 4751 1594 4818 rale,
1616 4754 1651 4807 mi
1665 4753 1722 4822 do·>

80 4844 196 4913 suscepi,
213 4841 245 4895 ad
263 4843 398 4913 potissima
414 4845 561 4915 patrocinia
577 4845 674 4901 tabella
688 4854 906 4930 prosequente„
919 4844 1005 4907 mista,
1025 4850 1053 4896 et
1067 4840 1140 4896 brevi
1157 4855 1205 4911 pto
1224 4842 1350 4896 tttaximis
1369 4841 1555 4898 admonitione
1576 4853 1715 4913 contenta,

109 5002 118 5032 ¹
140 5002 291 5075 Parthenio]
301 5003 444 5060 Germana
456 5004 569 5060 Ennodii
580 5007 682 5064 sororis
692 5002 773 5061 fllium
786 5002 867 5062 luisse

83 5073 220 5128 doetterttttt
235 5090 285 5128 utu
300 5077 401 5146 aliquot
421 5078 560 5144 superiore
576 5079 645 5132 libro
659 5078 791 5146 epistolar,
808 5078 867 5145 qui·

84 5140 124 5196 ltus
147 5145 320 5202 Parthenium
346 5148 458 5203 ttumstu
480 5150 630 5204 sudiorum
654 5163 734 5204 causa
760 5147 869 5215 proluci-

85 5226 191 5270 scentetu
214 5219 450 5274 commendatione
474 5234 521 5273 sua
552 5230 707 5284 prosecutus
729 5227 780 5273 est.
814 5219 867 5274 Sed

85 5288 159 5340 sorori
175 5304 271 5343 nomeu
290 5293 359 5360 quod
376 5289 474 5359 fucrit,
490 5306 620 5361 rtttsquntu
633 5291 741 5345 indicat.
765 5291 868 5358 Eupra-

87 5356 145 5418 pium
156 5361 229 5413 enim
240 5376 293 5413 uttu
304 5377 366 5415 esse
381 5363 405 5416 id
418 5363 546 5428 ostendit,
558 5360 629 5430 qtttttl
645 5362 786 5428 Euprepiau
798 5361 867 5417 hlitts

86 5439 129 5494 quc
140 5451 152 5476 u
169 5431 276 5486 unicum
293 5432 394 5496 bahttit,
412 5434 565 5504 Lupicutus,
580 5449 632 5487 ticin
648 5433 806 5488 Parthenius
820 5446 868 5486 vo-

86 5499 195 5554 rabatur.
213 5501 313 5559 Deinde
327 5505 459 5574 Euprepia
475 5507 552 5559 rhiua
566 5514 639 5566 crut;
657 5503 791 5558 Parthenii
804 5518 867 5556 vtro

85 5581 151 5633 pater
171 5586 308 5640 superstes
322 5575 370 5629 tth.
393 5590 448 5636 vat,
469 5576 547 5645 epist.
571 5579 606 5631 30
621 5584 648 5630 et
663 5576 706 5630 5l.
731 5575 781 5628 Par
795 5574 867 5628 ltcuii

83 5651 157 5764 w
171 5642 336 5701 usdrilicatem
352 5655 378 5699 ct
394 5647 481 5700 i'eltcia
493 5646 652 5700 eruditionis
664 5648 782 5714 auspicia
798 5645 869 5699 cele-

127 5716 174 5769 tiu
190 5715 310 5773 llietioue
324 5716 342 5770 l
353 5717 524 5780 scholastica,
540 5733 590 5786 qua
603 5718 703 5788 gratias
714 5727 768 5787 egat
779 5731 869 5788 gratu-

83 5786 185 5852 nabao,
197 5789 304 5857 quaudo
316 5787 478 5845 Parthenius
495 5791 564 5844 hene
575 5789 716 5844 recinuit:
730 5788 793 5843 item
807 5788 868 5844 libri

922 5003 1000 5069 buius
1011 4997 1090 5067 epist.
1102 4997 1148 5054 23.
1162 4997 1264 5065 Quibus
1278 4999 1443 5066 argumentis
1456 4997 1551 5064 ducor,
1564 5008 1592 5054 ttt
1606 4999 1640 5054 de
1657 5001 1719 5057 Puc-

922 5075 1012 5130 tlteuio
1027 5071 1073 5127 illu
1090 5071 1244 5140 cttttjiciam.
1262 5069 1306 5138 qui
1325 5069 1449 5138 magister
1463 5066 1612 5125 olllcinruut
1627 5086 1658 5126 ac
1674 5089 1719 5142 pa·

921 5147 1014 5200 tricius
1033 5145 1140 5198 taudem
1160 5144 1229 5195 luit:
1247 5142 1279 5193 ad
1294 5155 1373 5208 quent
1390 5150 1478 5195 ttastat
1495 5141 1644 5210 elegiacum
1660 5160 1720 5198 car·

922 5233 981 5272 meu
997 5215 1137 5278 Aratoris,
1155 5212 1224 5282 quod
1241 5211 1287 5265 lib.
1304 5227 1329 5265 rr
1346 5213 1539 5280 producemus,
1555 5216 1581 5268 in
1597 5231 1648 5282 quu
1664 5229 1720 5266 stur·

918 5298 1038 5358 guturetu
1072 5285 1129 5355 rjus
1155 5283 1333 5338 eruditionem
1363 5299 1425 5338 curu
1449 5286 1555 5353 generis
1581 5285 1721 5340 cubilitato

918 5361 1100 5486 coqjtguqltstu,
1112 5370 1147 5437 ¹ac
1153 5356 1280 5480 give'rsns
1294 5354 1444 5424 legationes
1456 5365 1661 5413 contrueutorut.

1006 5439 1139 5482 attactu
1175 5437 1232 5479 att.

955 5500 1078 5552 ’Animo
1092 5512 1149 5566 que
1168 5498 1195 5550 iu
1216 5495 1366 5569 tutudisse]
1390 5495 1536 5561 Caelanus
1557 5492 1648 5576 collat.
1673 5494 1718 5560 tt,

920 5586 979 5641 cap.
998 5572 1032 5626 ta
1048 5586 1055 5624 :
1072 5570 1164 5622 duirnu
1178 5586 1235 5638 quoa
1250 5570 1277 5624 in
1290 5572 1406 5623 sotietate
1418 5577 1464 5626 est.
1481 5567 1546 5634 iotis
1562 5565 1660 5618 tlludut.
1683 5565 1720 5622 Ea

919 5653 961 5700 est
978 5643 1057 5696 lectio
1073 5644 1248 5709 interpretum
1266 5640 1336 5695 LXX
1352 5660 1359 5693 a
1373 5643 1452 5709 Ψυχή
1465 5641 1489 5692 is
1504 5637 1636 5714 πλησμονῇ
1651 5631 1721 5694 cites

920 5720 1014 5792 nuptae
1024 5717 1151 5786 ἐμπαίζει.
1164 5712 1218 5768 Noc
1228 5714 1341 5767 multum
1350 5707 1614 5779 discrepatltttgctts,
1627 5709 1723 5765 Auitus

920 5798 1038 5842 scatente
1050 5785 1157 5841 calcabit
1170 5787 1269 5849 [cuuto.
