3906 6180
164 255 216 310 98⁰

199 364 257 437 Est]
272 347 376 422 Evenit.

197 455 259 526 We]
276 456 403 510 Fortuna.

199 546 274 617 Tunc]
289 546 374 600 Turre.

199 635 274 708 Cum]
287 637 410 704 Quando.

198 726 296 798 Gentio]
311 726 407 796 Cupio.

199 818 298 891 quue]
313 819 346 872 Et
357 818 391 872 ob
407 818 444 872 id.

200 911 263 982 llio]
279 912 408 980 Prospera
431 909 546 964 fortuna.
573 910 703 966 Rationes
717 911 794 965 sifert
813 911 910 979 quibus
924 911 950 964 id

163 1003 235 1072 rpitod
250 1003 317 1057 dixit
330 1017 422 1056 rerum
434 1015 495 1056 esse
509 1001 615 1070 probat.
937 994 944 1008 ‘

200 1093 272 1165 lice]
287 1093 416 1147 ddrersa.
434 1092 536 1148 Seneca
549 1093 697 1161 Tragieuss

224 1182 311 1232 lislam
321 1183 391 1232 bonae
400 1183 518 1244 praeferre
527 1182 646 1233 iortuunm
657 1182 725 1234 lieet.

202 1263 349 1334 ventosum]
366 1263 574 1319 inconstantem.
590 1264 734 1322 limatius:
765 1253 768 1260 ¹
836 1294 839 1301 ι

223 1353 306 1402 ilomae
314 1353 390 1402 Tibur
399 1366 487 1411 amem,
497 1360 613 1403 ventosus
620 1353 639 1403 Τ
641 1354 725 1416 ibure,
735 1353 842 1402 doniam.

201 1433 345 1506 Fluentcm]
359 1435 557 1499 luxuriantem,
570 1434 747 1501 dilllnentem,
757 1437 950 1504 vagabundam.

162 1524 273 1580 Ovidius
284 1540 291 1578 :

225 1612 360 1661 Luxuriant
369 1613 440 1660 animi
451 1613 525 1660 rebus
535 1610 680 1674 plerumque
690 1612 813 1674 secundis,

252 1673 304 1722 Nee
314 1671 384 1721 laelio
394 1680 432 1722 est
441 1684 509 1733 aequa
518 1673 641 1721 eorrrmoda
651 1681 737 1722 mento
747 1674 804 1734 pati.

198 1754 295 1824 Solque
316 1769 415 1821 semper
438 1748 571 1824 ignorant]
596 1753 722 1807 llomines
742 1754 813 1807 enim
840 1753 951 1808 tortuose

162 1847 330 1901 successibus
346 1847 421 1911 elati,
435 1846 516 1899 nimis
530 1845 703 1914 superbiunt,
718 1858 801 1915 seque
816 1845 888 1916 ipsus
904 1862 950 1899 ne·

162 1953 293 2008 tpllaqliam
309 1945 485 2005 cognoscunt.

199 2013 330 2098 Subrium]
344 2026 559 2094 Temperantent.

197 2117 371 2188 succinctum]
386 2117 548 2179 Collibitam,
562 2129 616 2169 non
629 2114 808 2171 diiliuentem.

197 2211 364 2264 diversitatis
377 2205 567 2277 exercitatione]
590 2207 707 2278 Baptista
728 2207 884 2269 Maritunnus
902 2206 949 2261 io.

162 2300 291 2354 Silvarum
309 2299 446 2353 mentido:

283 2389 368 2438 liebus
376 2389 487 2437 adversis
498 2389 587 2447 agitata
599 2390 675 2435 virtus

282 2449 386 2506 Crescit,
398 2457 424 2497 et
433 2451 507 2496 robnr
517 2449 622 2495 cruciata
634 2446 707 2507 longo

281 2511 361 2561 Suutit
371 2512 466 2564 attritu.
477 2507 614 2568 meliusque
624 2516 691 2555 terso

333 2606 335 2610 ν
375 2571 553 2619 (ξιιιόίιιιιοτθ.

196 2654 217 2706 d
229 2650 372 2722 ruoberto]
386 2650 468 2704 Divus
480 2650 636 2703 Ambrosius
649 2648 676 2701 in
690 2647 736 2701 lib.
745 2648 779 2703 de
794 2649 950 2716 interpella·

162 2744 235 2797 tione
249 2758 258 2795 t
274 2741 365 2809 lingna
380 2740 451 2795 enim
468 2738 592 2793 illecebra
608 2737 778 2805 delinquendi
791 2747 832 2791 est
859 2753 949 2792 rerunt

162 2832 297 2886 :attinentia
316 2828 503 2885 secundarum.
530 2824 630 2894 Supina
652 2826 771 2892 extollit,
787 2826 949 2881 oblivionem

161 2922 279 2977 auctoris
294 2920 418 2974 infundit.
431 2917 647 2987 liimograpbns:

222 3011 328 3060 Fortuna
337 3022 411 3072 quem
423 3008 523 3056 nimium
533 3006 718 3065 insensibilem
728 3005 792 3058 iaeib

198 3093 312 3162 Baptista
329 3091 487 3145 liantuanus
502 3090 529 3142 in
544 3089 629 3158 prima
641 3088 820 3145 Parthenice:

221 3181 345 3231 Enervare
356 3179 435 3229 solent
444 3191 543 3228 securas
550 3181 599 3229 otia
609 3185 715 3236 mentes.

221 3244 250 3292 Et
260 3245 323 3292 vitiis
332 3242 446 3290 umbrare
456 3242 558 3298 animas,
568 3246 594 3288 nt
605 3238 683 3300 pulvis
691 3251 782 3301 aquoso

221 3303 302 3352 imbre
310 3308 369 3361 coll,
377 3301 521 3357 levibusque
532 3302 582 3360 rapi
590 3299 639 3360 jam
650 3304 729 3349 nescit
738 3303 769 3347 ab
778 3298 859 3362 Euris,

221 3365 262 3413 Sic
270 3364 370 3412 adversa
380 3362 470 3423 premit
478 3373 567 3410 sensus
576 3361 671 3409 iortuna
681 3360 800 3422 rebelles,

220 3423 250 3473 Et
258 3426 325 3486 cogit
335 3435 422 3486 parere
433 3421 495 3480 Deo,
506 3422 651 3482 morbosque
661 3420 766 3472 latentes

220 3485 304 3544 Pellit,
313 3493 338 3534 et
346 3484 461 3533 ardentes
470 3483 494 3530 in
504 3491 604 3544 pertore
615 3482 709 3542 mltlgat
718 3488 800 3531 astris.

220 3546 252 3595 Ut
261 3546 313 3594 sale
323 3556 454 3607 consperso
464 3543 549 3603 longos
557 3550 687 3592 servantur
698 3545 722 3590 iu
733 3554 791 3590 usus

220 3606 331 3663 viscera,
340 3619 386 3654 nec
395 3604 449 3654 ltedl
460 3606 536 3658 sanie.
547 3617 592 3652 nec
603 3611 714 3664 tertrpore
724 3612 833 3663 possiunt,

222 3668 262 3716 Slc
271 3669 337 3715 duris
347 3666 420 3715 animi
431 3667 508 3714 rebus
517 3666 651 3720 lirmantur,
661 3670 688 3712 et
695 3675 792 3711 omnem

221 3730 343 3789 abjietmn
353 3731 429 3787 pestis
438 3738 545 3784 calisam,
553 3736 607 3772 sors
616 3736 701 3783 aspera
712 3728 790 3771 tutum
882 3752 885 3757 «

220 3789 319 3837 Praebet
328 3789 385 3848 iter,
395 3789 432 3837 sia
442 3787 553 3836 sidereas
562 3784 614 3834 baee
623 3784 691 3833 ducit
699 3786 722 3831 in
733 3795 810 3834 arces.

194 3870 338 3922 Amicorum
352 3865 476 3937 fidelium]
490 3866 606 3919 Ertnius:

221 3960 320 4009 Anticus
329 3966 413 4006 certus
423 3958 446 4005 in
458 3968 486 4004 re
498 3956 589 4004 ineerta
600 3957 716 4007 cernitur.

158 4042 224 4096 iliae
238 4053 287 4093 nos
300 4039 370 4092 itunc
385 4037 546 4090 versiculum
562 4037 674 4092 lusimus
689 4055 695 4091 :

219 4132 300 4182 liebus
311 4134 336 4182 in
346 4133 447 4181 incertis
457 4137 540 4180 certus
550 4137 675 4193 spectatur
684 4134 783 4183 amicus.

157 4215 266 4269 lividius
281 4231 288 4268 :

215 4302 316 4355 Scilzeet
324 4308 351 4349 ut
362 4300 453 4350 ltrlvum
463 4306 589 4362 spectatur
598 4304 622 4351 in
632 4303 833 4366 ignibusauronr,

246 4365 369 4425 Tempore
378 4362 482 4412 sieduro
492 4371 531 4413 est
541 4364 688 4425 inspicienda
699 4364 766 4412 ildes.

192 4444 269 4515 Suos]
284 4442 414 4511 Sodales,
436 4443 454 4496 ii
478 4445 548 4496 enim
573 4445 617 4511 qni
638 4442 771 4497 fortunam
797 4451 944 4514 sequuntur

155 4555 207 4592 nnn
222 4537 277 4592 veri
288 4545 350 4590 sum
365 4536 456 4600 sinici,
472 4536 518 4590 scd
530 4534 636 4590 sodales
652 4547 679 4590 et
695 4534 809 4590 iortunae
821 4538 942 4592 comites.

190 4623 305 4696 integer]
326 4623 450 4679 Nondum
469 4623 564 4687 laesus,
585 4623 702 4679 nondum
717 4624 797 4679 rebus
819 4625 868 4680 tuis
883 4641 944 4696 spo·

154 4717 244 4771 intus.

192 4807 291 4882 llesivc]
304 4809 418 4866 Pulchra
428 4809 566 4876 conclusio
575 4815 657 4864 estex
668 4808 809 4865 contrariis
820 4819 941 4866 ornatum

154 4900 264 4956 discens,
760 4910 764 4916 '

189 4988 288 5042 Andros
307 4987 434 5059 immisti]
456 4987 533 5043 Nunc
555 4987 627 5042 enirn
650 4996 812 5044 novercante
836 4989 941 5048 fortuna

153 5094 230 5133 veros
254 5089 314 5133 mm
337 5081 439 5135 amieos
469 5079 621 5152 cognoscis.
651 5080 843 5148 Argumentum
869 5085 939 5139 enim

153 5181 221 5222 ture
233 5169 357 5223 amicitiae
369 5178 421 5236 est,
434 5184 487 5224 non
502 5168 628 5224 deserere
637 5168 752 5225 amicum
764 5179 882 5240 tempore
893 5173 939 5227 ad·

151 5263 294 5318 versitatis.
413 5268 415 5272 '

404 5353 436 5411 ln
456 5351 600 5409 liE'l'lllill
622 5352 687 5407 l'lll.

185 5444 299 5499 Carmen
316 5452 357 5498 est
370 5443 563 5514 Glyconicum,
578 5441 666 5498 simile
679 5452 755 5498 sexto
768 5443 846 5513 primi
868 5433 937 5512 libri.

593 221 597 228 ’
661 283 664 290 ,
748 255 1212 324 vtunnsmtteonnnnrsnn.

966 380 991 433 ll
1005 373 1072 432 dere
1085 381 1260 449 coniunctos.
1275 398 1366 441 amore
1380 387 1523 458 coniuges,
1542 397 1570 445 et
1583 391 1684 447 amicos
1695 405 1792 448 conve·

1741 277 1792 334 990

1005 468 1073 523 nire.
1090 469 1249 529 Frnrtciscue
1260 473 1413 545 Pitilelplms
1427 480 1453 532 in
1465 477 1589 550 Satyris:

1066 558 1151 608 Omnia
1161 571 1282 623 perpetuo
1292 565 1370 614 lirmat
1378 568 1505 616 eoncordia
1516 582 1591 618 itero.

1065 622 1184 684 Quidquid
1196 636 1262 674 amor
1268 624 1359 687 jungit,
1368 629 1464 677 seclum
1472 629 1622 690 perduratio
1632 641 1713 678 omne.

1004 698 1165 758 Claudianus
1180 705 1213 760 ad
1227 706 1374 762 lionorium
1388 727 1394 761 ι

1067 792 1117 841 Νοιι
1128 797 1162 843 sic
1172 798 1292 857 excubitu,
1302 811 1348 847 nec
1357 801 1534 850 circumstantia
1546 800 1601 863 pila.

1065 853 1140 911 Quam
1151 863 1242 906 inuritur
1252 870 1327 912 arnor.
1337 872 1384 907 non
1394 863 1555 922 extorquebis
1564 863 1647 912 autam.

1064 913 1116 963 lloc
1125 915 1218 965 alterna
1229 919 1297 976 lidos,
1305 921 1352 968 boe
1360 920 1462 982 simplex
1476 925 1552 981 gralia
1562 924 1644 970 donat.

1063 974 1150 1024 Nonne
1160 978 1229 1027 vides
1239 992 1341 1039 operum
1350 982 1391 1041 qni
1402 995 1429 1030 se
1442 981 1619 1043 pulcherrimus
1627 983 1682 1044 ipse

1064 1035 1167 1085 linimus
1176 1051 1260 1088 amore
1270 1040 1348 1101 ligati
1360 1055 1406 1090 nee
1415 1045 1436 1091 vi
1446 1054 1556 1091 connexa
1583 1057 1610 1092 er
1619 1057 1697 1092 sevum
1752 1072 1755 1078 ,

1064 1094 1207 1156 Conspiranl
1216 1100 1340 1148 elementa
1351 1104 1408 1160 sibi,
1418 1104 1458 1163 qni
1470 1102 1548 1151 limite
1560 1057 1582 1150 iP

1065 1155 1198 1208 Contentus
1208 1161 1299 1216 medio,
1310 1173 1439 1210 contentus
1447 1163 1531 1211 littore
1543 1164 1645 1220 Pontus,

1064 1215 1094 1264 Et
1102 1221 1143 1278 qui
1154 1231 1273 1280 perpetuo
1284 1228 1371 1278 terras,
1382 1225 1507 1280 ambitque
1517 1225 1647 1284 vebitque,

1063 1276 1115 1327 Nee
1124 1288 1217 1340 premat
1227 1281 1371 1347 incumlpens
1380 1287 1449 1331 oneri
1460 1297 1505 1331 ner
1515 1286 1620 1334 cesserit
1630 1283 1694 1333 aeri
1783 1311 1785 1319 ν

1003 1356 1038 1412 tlt
1052 1356 1127 1412 Plato
1140 1360 1218 1415 docet
1232 1361 1258 1415 in
1273 1361 1393 1426 Timaeo,
1409 1363 1524 1419 mundus
1538 1365 1659 1433 seipsum
1674 1364 1790 1421 amicitia

1001 1448 1128 1504 concordi
1151 1451 1351 1518 complectitur,
1371 1459 1452 1521 atque
1465 1453 1502 1506 ita
1523 1464 1586 1522 apte
1606 1453 1737 1522 collaeret,
1762 1464 1792 1509 ut

1002 1546 1117 1608 nequeat
1130 1540 1240 1596 dissolvi
1254 1542 1413 1611 ullomodo,
1433 1545 1483 1599 nisi
1499 1545 1533 1600 ab
1546 1545 1670 1602 cedema
1686 1555 1740 1615 quo
1751 1555 1792 1602 est

1002 1632 1283 1700 colligatus.·llnndns
1299 1635 1393 1691 Latine
1411 1652 1425 1690 a
1448 1637 1543 1705 puritia
1557 1645 1677 1706 vocatur,
1693 1638 1791 1693 eoeltma

1579 1104 1666 1152 boebus

966 1729 1017 1788 na
1032 1723 1170 1789 caelatura,
1186 1723 1279 1780 Graec
1291 1726 1326 1779 ab
1341 1734 1436 1780 ornatu
1447 1716 1552 1798 κόσμός.
1563 1726 1595 1784 C.
1609 1727 1711 1783 Plinius
1724 1728 1791 1782 libro

1002 1813 1139 1868 secundo:
1153 1815 1237 1881 Quem
1253 1817 1345 1889 κόσμον
1358 1817 1444 1873 Graeci
1458 1819 1566 1874 nominc
1580 1819 1731 1875 ornamenti
1743 1834 1792 1888 ap-

1002 1906 1181 1975 pellaverunt,
1197 1923 1258 1963 eum
1272 1919 1299 1963 et
1321 1925 1370 1965 nos
1385 1926 1400 1965 a
1415 1912 1533 1980 perlecta
1546 1914 1721 1983 absolutaque
1734 1913 1791 1967 ele·

1000 1996 1089 2065 ganda
1107 1997 1247 2053 mundum.
1263 1999 1368 2055 Coelum
1388 2002 1496 2069 quidem
1520 2002 1590 2056 baud
1610 2001 1692 2057 dubie
1705 2001 1791 2058 celati

1002 2096 1157 2154 argumento
1170 2086 1297 2155 diximus,
1312 2099 1341 2144 ut
1354 2088 1543 2158 interpretatur
1556 2091 1591 2146 lt.
1606 2090 1701 2147 Varro.

1036 2176 1204 2251 staninges]
1219 2180 1525 2250 Perpetuacomems.
1637 2168 1643 2182 '

1041 2265 1124 2338 l'ices]
1137 2267 1360 2325 Pertirutaliones.

1037 2355 1153 2428 Semina]
1174 2357 1322 2413 Elementa.
1347 2359 1448 2414 Plinius
1472 2359 1541 2415 libro
1563 2359 1681 2414 secundo
1704 2361 1790 2428 capitu

1001 2447 1114 2513 quinto:
1129 2446 1183 2503 llee
1197 2449 1230 2503 de
1243 2450 1385 2505 elementis
1400 2451 1478 2504 video
1496 2449 1612 2504 dubitari
1634 2458 1746 2513 quatuor
1759 2464 1790 2507 ea

1000 2549 1070 2601 esse,
1084 2536 1184 2604 ignium
1198 2551 1351 2605 summum,
1365 2539 1428 2594 inde
1449 2548 1489 2594 tot
1501 2539 1640 2593 stellarum
1653 2538 1790 2592 collucen-

1001 2627 1066 2681 tinm
1082 2627 1143 2681 illos
1164 2629 1274 2695 oeulos,
1292 2630 1443 2698 proximum
1458 2630 1586 2699 spiritns,
1610 2642 1689 2698 quem
1704 2628 1790 2684 Gracci

1001 2723 1138 2791 nostrique
1160 2720 1254 2777 eodem
1279 2723 1411 2779 vocabulo
1432 2738 1496 2779 aera
1511 2723 1663 2792 appetunt,
1683 2722 1789 2778 vitalem

1001 2811 1081 2875 linire,
1094 2820 1121 2866 et
1130 2825 1179 2880 par
1190 2822 1288 2868 cuneta
1299 2828 1387 2868 rerum
1398 2814 1551 2877 meabilem,
1563 2823 1672 2883 totoque
1681 2827 1789 2869 censer·
1846 2861 1849 2866 .

1001 2912 1067 2954 trrm.
1082 2899 1163 2970 Cuius
1176 2901 1202 2956 ri
1215 2916 1372 2972 suspensam
1396 2919 1456 2976 cnm
1472 2913 1568 2972 quarto
1591 2917 1720 2972 aquarum
1735 2904 1789 2960 ele·

1001 3000 1092 3048 incute
1107 2992 1204 3050 librare
1219 2996 1309 3050 medio
1322 2994 1401 3065 spatii
1415 2997 1550 3051 tellurem.
1564 2996 1601 3050 lta
1613 3007 1706 3050 mutuo
1715 2990 1800 3050 com?

960 3067 983 3128 C
1000 3081 1078 3148 plexu
1096 3082 1256 3138 diversitatis
1270 3083 1341 3139 ellici
1360 3073 1477 3150 nesuni,
1490 3086 1519 3140 'et
1536 3083 1603 3141 levia
1624 3083 1788 3153 ponderibus

998 3171 1128 3234 inhiberi,
1147 3188 1200 3242 qno
1218 3174 1307 3229 minus
1324 3175 1442 3230 evolent.
1460 3174 1612 3245 Contraque
1632 3175 1739 3241 gravia,
1754 3163 1788 3229 nc
1814 3231 1816 3234 ,

997 3271 1086 3328 ruant,
1100 3263 1238 3333 suspendi,
1259 3263 1361 3320 levibus
1373 3265 1399 3320 in
1415 3266 1531 3321 sublime
1546 3264 1728 3321 tendentibus.
1742 3264 1788 3321 Sic

996 3352 1053 3422 pari
1067 3353 1094 3423 in
1110 3351 1216 3408 diversa
1230 3354 1289 3409 nisu
1300 3356 1350 3423 ,ti
1363 3371 1411 3412 sua
1424 3371 1538 3426 quaeque
1548 3356 1705 3419 consistere,
1720 3355 1787 3413 irre·

996 3442 1086 3510 quieto
1100 3443 1191 3498 mundi
1207 3443 1291 3513 ipsius
1305 3445 1449 3499 constricta
1465 3444 1594 3512 circuitu,
1614 3460 1668 3514 qno
1681 3431 1787 3515 semper

995 3532 1022 3583 in
1037 3544 1221 3599 secernente,
1238 3535 1316 3586 imam
1331 3537 1412 3602 alque
1428 3533 1543 3589 mediam
1559 3535 1585 3588 in
1600 3543 1655 3589 toto
1671 3543 1785 3597 terram.

995 3619 1168 3690 vecordemque
1179 3623 1284 3677 interm
1294 3622 1404 3677 cardine
1415 3632 1487 3678 stare
1498 3622 1669 3694 pendentem,
1683 3622 1785 3677 libran·
1796 3670 1801 3675 .

997 3719 1049 3764 tem
1063 3725 1112 3779 per
1125 3726 1184 3780 qua
1198 3712 1323 3783 pendeat.
1346 3713 1382 3768 lta
1404 3715 1488 3768 solam
1513 3713 1691 3778 immobilem,
1711 3714 1783 3768 eirea

995 3813 1054 3853 cam
1070 3799 1179 3855 volubili
1204 3803 1394 3867 universitate.
1419 3804 1640 3874 camdemqucen
1661 3804 1786 3859 erunibus

995 3891 1077 3955 necti,
1092 3890 1234 3961 eidemque
1246 3895 1335 3948 otnnia
1349 3894 1437 3948 inniti.

1031 3968 1189 4055 Pugnantia]
1202 3982 1353 4039 Contraria.
1460 3982 1463 3988 ‘
1603 4050 1606 4057 ¹

1031 4069 1126 4126 Foedus
1142 4074 1301 4147 perpetuant]
1316 4076 1476 4145 Perpetuam
1485 4093 1588 4147 pacem.
1600 4081 1697 4136 odd:

1057 4164 1190 4214 Dissoeiata
1200 4164 1258 4216 loeis
1267 4168 1380 4217 concordi
1391 4183 1451 4231 pace
1461 4169 1557 4231 ligarit.

967 4304 970 4316 ,
995 4246 1108 4301 llardins
1122 4249 1332 4303 astronomicae
1347 4250 1414 4305 libro
1431 4253 1535 4320 primo:

1054 4336 1107 4386 lioe
1114 4349 1175 4394 enus
1184 4338 1293 4388 immensi
1303 4349 1466 4390 eonstmetum
1476 4355 1578 4404 corpore
1587 4344 1683 4404 mnndi,

1058 4397 1217 4460 Membraque
1227 4409 1317 4448 armaris
1325 4400 1422 4450 diuersa
1431 4404 1526 4451 condita
1536 4404 1612 4452 lorma

1058 4460 1137 4526 beris.
1148 4467 1223 4520 atque
1233 4460 1307 4520 ignis,
1315 4468 1399 4518 terrae,
1409 4460 1540 4524 pelagique
1548 4466 1659 4524 jacentis.

1058 4517 1102 4566 bis
1112 4520 1199 4568 animae
1207 4519 1287 4568 dirius
1299 4523 1373 4580 regit.
1382 4534 1499 4582 sacroque
1509 4531 1590 4570 nicam

1058 4577 1182 4639 Conspirat
1192 4580 1269 4638 Dens,
1281 4586 1307 4628 et
1316 4585 1387 4630 taeila
1394 4582 1493 4629 ‘ratione
1501 4584 1634 4643 gubernat,

1058 4637 1088 4687 Et
1096 4637 1170 4688 multa
1180 4642 1204 4688 in
1213 4648 1313 4688 cunctas
1321 4640 1446 4703 dispensat
1456 4641 1547 4690 lindum
1558 4651 1649 4704 parles,

1056 4698 1138 4748 ,litera
1149 4706 1176 4748 ut
1184 4698 1287 4749 alterius
1296 4701 1370 4760 vires,
1378 4700 1498 4762 iaciatque
1508 4700 1631 4766 levetque,

1055 4759 1203 4821 Summaque
1212 4772 1257 4822 per
1266 4763 1344 4810 varias
1351 4769 1448 4811 maneat
1458 4768 1558 4823 cognata
1569 4762 1667 4826 figuras.

995 4839 1066 4896 idem
1082 4841 1150 4896 libro
1165 4842 1243 4895 lertio
1258 4859 1265 4895 ε

1055 4932 1114 4982 Fata
1125 4934 1394 4997 regnatorbem,certa
1403 4942 1468 4988 stant
1475 4938 1556 4988 omitia
1565 4938 1636 5002 lege.

1054 4993 1188 5057 Longaque
1200 5008 1244 5057 per
1254 5003 1334 5047 certos
1343 4998 1470 5060 signantur
1480 5003 1589 5063 tempora
1599 5015 1694 5064 cumas,

997 5137 999 5141 7
1028 5073 1151 5148 Pitonius]
1167 5077 1223 5133 Sol.

1029 5165 1152 5239 dorcam]
1168 5167 1323 5234 l‘ulebmm,
1339 5168 1481 5239 fulgidum,
1497 5173 1685 5231 rubicundum.

1029 5258 1123 5330 Artreo]
1138 5258 1250 5324 buddo,
1263 5261 1347 5330 claro,
1362 5262 1467 5318 illustri.

1029 5349 1110 5422 Quos]
1124 5351 1231 5408 Noctes.

1031 5441 1138 5497 disserit
1157 5441 1294 5515 llesperm]
1311 5441 1445 5514 llesperus
1465 5444 1518 5500 dna
1541 5444 1628 5501 nortis
1646 5456 1704 5511 est,
1719 5458 1779 5499 tram

151 5534 190 5588 io
203 5535 300 5600 docet,
313 5549 405 5589 amore
420 5534 506 5587 omnia
527 5532 673 5603 coniungi,
695 5534 829 5602 totiensque
848 5534 940 5590 mundi
992 5548 1050 5612 eam
1075 5534 1219 5601 praecedit,
1244 5548 1304 5590 curn
1328 5535 1434 5604 vesperi
1455 5534 1520 5591 solis
1539 5549 1664 5594 oceasum
1687 5534 1783 5592 subae-

151 5634 274 5680 ronstare
293 5624 463 5679 concordiam
484 5639 491 5673 :
519 5635 612 5678 amore
632 5636 738 5692 quoque
756 5637 773 5690 p
791 5623 867 5692 palos
890 5624 940 5681 lm·
992 5627 1091 5695 quitur.
