3906 6180
200 252 353 310 ,iii

927 254 1113 311 llORblleAE
1133 257 1233 318 Pdl‘AE

1831 282 1883 336 tta

255 376 314 425 ctos
336 365 418 421 luisse
446 375 525 436 atque
546 366 674 421 tirrnatos.
711 367 854 420 l‘recaorrrr
880 365 991 434 proinde
1017 369 1085 427 utu
1097 370 1259 438 colentium,
1275 389 1374 444 proque
1389 379 1491 433 truitate
1509 382 1700 438 retrerabiliuru
1718 386 1776 454 tius
1791 388 1883 446 liscio-

254 458 353 514 sauctis
365 448 529 514 orationibus
544 456 639 512 restris
657 453 755 509 divinas
770 457 895 525 potentias
909 456 1042 524 supplice·

251 548 302 612 tis,
325 556 456 618 quatenus
477 547 553 600 initia
574 549 658 599 nostri
672 545 832 600 roborentur
851 546 967 615 imperii.
986 545 1041 599 linc

252 639 327 693 eninr
339 646 366 692 ot
381 651 429 692 nos
442 651 567 706 sperare,
583 645 610 690 ct
622 649 671 690 ros
683 636 760 691 dccet
774 636 893 707 implere.
911 635 976 691 Data
996 651 1040 690 ca·

252 730 324 788 lcrtd.
345 728 473 796 Augusti,
492 726 737 795 Cotrstantioopoli,
754 727 849 798 llagno
869 729 927 782 uiro
946 729 1040 784 claris·

251 824 320 877 simo
334 821 443 875 corisule
458 820 540 892 (nuno
556 819 660 874 liorrrini
675 819 749 891 ets).

497 932 662 988 eustolus
681 931 786 987 xxttt.

547 1043 581 1080 tto
604 1040 741 1080 tnsrruurr.

249 1116 300 1173 ttts
314 1118 454 1188 imperante
467 1125 550 1186 speret
565 1117 619 1186 iore
632 1125 660 1169 ut
674 1114 795 1170 Eccletioe
808 1132 860 1184 pus
880 1117 1035 1171 restituatur.

284 1220 424 1288 llormisda
440 1231 545 1286 tustino
558 1230 688 1298 drrgusto.

283 1325 449 1380 Venerabilis
471 1325 545 1394 regni
568 1325 649 1378 nestri
675 1324 816 1392 primitiis,
840 1323 877 1378 llll
899 1322 1037 1393 gloriosis·

247 1417 329 1482 sime,
356 1417 415 1471 loco
437 1416 555 1469 mrureris
577 1414 782 1485 gratulationem
805 1428 880 1468 suam
904 1410 1036 1467 catltolica

247 1505 402 1562 transmittit
423 1505 557 1568 Ecclesia,
574 1520 621 1573 per
640 1519 707 1574 quas
728 1520 757 1559 se
780 1511 839 1573 post
859 1511 958 1558 tautam
978 1502 1036 1556 dis·

246 1597 344 1653 cordiae
359 1596 538 1666 latigatiorrerrr
553 1595 671 1663 requiem
690 1595 761 1664 pacis
776 1594 896 1649 inuenire
914 1593 1035 1647 conlidit.

245 1685 299 1743 llice
314 1696 354 1742 est
369 1685 478 1741 dubium
495 1676 556 1741 ideo
570 1684 602 1740 ad
618 1700 706 1740 rerunt
721 1699 852 1740 summam
866 1682 968 1739 orsiesii
986 1697 1034 1738 ros

1093 462 1192 517 siarum
1215 465 1316 520 litter-ns
1338 481 1389 521 triac
1408 472 1540 526 sanctitati
1558 473 1709 545 ollcrendtp
1719 478 1882 548 coniecisse,

1092 567 1123 607 uc
1138 569 1299 625 magnopere
1311 559 1495 626 pustularum,
1510 575 1614 619 nostrus
1628 567 1708 621 etiam
1723 570 1884 638 epistolares

1094 648 1203 715 paginas
1218 664 1298 718 stipor
1322 650 1372 705 boc
1389 651 1422 705 etl
1438 668 1498 707 earn
1517 669 1653 711 emanare.
1677 658 1796 725 Qttorom
1815 666 1884 732 peti·

1091 738 1188 806 tiones,
1217 750 1308 808 utpote
1333 758 1439 813 semper
1460 748 1566 801 totitatis
1590 761 1737 815 initiatores,
1767 753 1883 811 libenter

1090 828 1222 897 amplexi,
1239 830 1289 886 lios
1309 833 1415 890 diuinos
1435 838 1525 905 rupices
1545 840 1577 893 ad
1598 851 1669 895 tnaur
1689 845 1879 902 beatitudiuem

1090 920 1244 977 censuimus
1264 926 1455 995 prorogandos.
1476 930 1578 996 Quibus
1596 934 1716 1003 scriptis,
1737 938 1880 996 desideriis

1025 1068 1030 1073 ,
1090 1011 1306 1087 supradictorum
1319 1018 1603 1076 reverendissimorum
1618 1027 1766 1081 arrtisritum
1783 1031 1881 1087 srrbte·

1091 1103 1159 1167 nire,
1185 1119 1286 1174 proque
1305 1109 1382 1163 nobis
1401 1120 1429 1165 et
1449 1115 1604 1182 republica,
1620 1118 1697 1186 cuius
1720 1122 1880 1190 gubernatio

1090 1204 1190 1249 nostrae
1212 1199 1304 1265 pietati
1318 1201 1424 1256 coelitus
1440 1205 1541 1269 credita
1564 1216 1619 1273 cst,
1637 1222 1779 1274 supernam
1795 1216 1877 1284 nraje·

1082 1293 1183 1340 ‘struem
1204 1291 1261 1343 suis
1279 1292 1444 1362 orationibus
1459 1295 1566 1363 placare
1577 1297 1710 1367 dignetur.
1736 1302 1769 1359 Ut
1787 1316 1877 1361 autem

1090 1385 1141 1429 tous
1151 1380 1302 1452 strictitatis
1318 1382 1391 1453 pacis
1404 1392 1432 1438 et
1446 1387 1555 1441 unitatis
1565 1397 1644 1458 atque
1656 1394 1808 1451 concordie
1815 1397 1889 1465 jura,

1088 1465 1193 1529 plenius
1207 1472 1351 1538 patebant,
1371 1475 1501 1542 quosdam
1523 1479 1738 1548 religiosissimos
1749 1486 1875 1541 sacerdo·

1089 1568 1130 1615 tes
1146 1576 1238 1628 pacem
1248 1565 1441 1633 amplectentes
1454 1577 1482 1624 et
1491 1569 1675 1629 desiderantes
1683 1574 1715 1629 etl
1727 1579 1876 1631 sacratissi-

1089 1667 1161 1708 mum
1186 1664 1308 1711 nostrum
1333 1661 1473 1728 peruenire
1486 1663 1617 1733 ¹disponat
1639 1654 1804 1726 comitatum.
1834 1670 1875 1727 Ob

246 1777 411 1849 „mmm
434 1775 604 1848 pervenisse,
630 1785 658 1830 m
681 1775 777 1830 vem
799 1775 962 1844 temporibus
983 1773 1033 1827 im,
1050 1730 1073 1792 Β
1088 1743 1241 1848 ltatreeninr
1261 1763 1370 1850 causum
1385 1750 1495 1819 Gratum
1514 1757 1600 1812 rirum
1613 1759 1789 1816 clarissimum
1803 1766 1873 1819 sacri

246 1882 322 1941 pacta
336 1868 459 1939 religioni
474 1871 499 1923 iu
514 1865 631 1923 Orientis
645 1867 764 1938 partibus
775 1867 914 1921 abolentur
924 1863 1030 1934 injuria.
1085 1846 1169 1891 ''⁰⁵¹‘'
1190 1841 1345 1945 f0'¹⁵¹}¹⁰‘{³
1361 1844 1505 1912 emnem·
1528 1856 1556 1901 et
1570 1850 1724 1918 titttistrum
1738 1854 1831 1908 scrinii
1846 1866 1874 1910 et

246 1971 259 1999 .
277 1960 383 2017 nebim
399 1960 477 2015 hemo
492 1958 571 2015 popm
587 1958 709 2029 apfflopo
723 1958 828 2036 imperii
842 1955 924 2011 mm
940 1953 1032 2023 primi,
1085 1942 1223 2032 memorre
1251 1932 1416 2000 direximus,
1442 1938 1519 2007 cujus
1537 1942 1695 2008 preclaram
1718 1945 1871 2013 opinionem

245 2051 296 2108 tias
309 2049 475 2117 reddidistis,
492 2064 558 2120 quas
574 2050 623 2105 lrac
634 2050 738 2105 ratione
749 2048 838 2103 ternu
852 2047 1031 2114 suscepimus,
1084 2019 1176 2122 {mmm
1193 2032 1271 2079 “nm
1287 2035 1378 2080 '¹⁰¹²'ss
1397 2028 1526 2085 'libemus
1554 2034 1727 2101 temporibus.
1743 2034 1817 2092 'Data
1834 2052 1870 2090 ιιι

243 2126 303 2212 uuio
318 2140 498 2197 Ecclesiarum
515 2154 562 2208 per
575 2155 622 2196 rus
635 2139 756 2209 proxime
770 2137 886 2192 lurtrram
898 2137 1033 2192 credimus
1075 2110 1143 2164 ‘'⁴¹¹'‘
1153 2111 1332 2181 s⁰⁹¹⁰¹¹¹¹¹¹⁵⁵i
1346 2116 1587 2190 ⁶⁰¹¹⁵¹²¹¹¹5¹¹⁰ll⁰¹b
1601 2125 1695 2194 ”⁸8⁰⁰
1707 2125 1764 2181 'iffi
1777 2127 1870 2182 cittii·

245 2234 303 2290 sino
315 2233 482 2290 dubitatione
495 2232 678 2287 concordiam.
699 2232 769 2285 Deus
789 2231 835 2300 qui
860 2231 966 2299 pietatis
987 2242 1034 2284 re·
1083 2200 1151 2257 ‘5⁰³⁰
1163 2206 1272 2261 ⁰⁰¹¹⁵¹¹¹⁰
1288 2208 1370 2274 (³⁰⁰⁰
1384 2208 1486 2265 ⁰⁰¹¹¹5¹¹5
1500 2211 1574 2282 ΜΨ·

130 2375 134 2383 .
242 2337 306 2382 sirm
326 2325 450 2381 sensibus
465 2324 615 2394 alloquendi
643 2336 691 2378 nos
716 2333 775 2377 rota
800 2322 949 2388 cotrcessit,
975 2322 1032 2391 ipse

142 2443 148 2450 ·
242 2416 315 2472 tirca
326 2416 607 2487 sinceruurreligiorris
619 2431 675 2472 suas
686 2415 785 2471 cultum
801 2412 1032 2486 pessinunsium

242 2518 380 2580 optamus,
401 2507 535 2563 ellectum.
551 2506 727 2577 Signillcastis
742 2508 892 2561 nolentibus
909 2515 936 2560 et
955 2518 1030 2560 rccu-

243 2600 366 2655 sautilrus
387 2599 463 2654 tobis
478 2598 582 2667 imperii
604 2599 708 2668 pondrm
729 2597 899 2668 impositum,
914 2609 965 2667 qua
988 2609 1030 2650 ra·

242 2691 316 2747 tione
336 2691 436 2747 electos
457 2704 505 2745 ros
527 2689 630 2745 coelesti
648 2697 755 2744 constat
774 2703 833 2743 csse
848 2687 967 2756 judicio,
987 2702 1030 2742 sc·

242 2782 358 2838 crrnduur
381 2784 534 2853 Apostolum
548 2780 680 2836 dicentem
698 2798 704 2832 :
722 2779 782 2834 lion
796 2790 833 2833 est
855 2787 965 2851 potestus
980 2777 1030 2831 nisi

239 2891 255 2930 tt
271 2873 326 2940 beo
346 2890 426 2943 :puts
439 2884 523 2927 notens
541 2880 646 2938 sunt,u
667 2870 722 2926 lieo
740 2872 858 2925 ordinata
872 2878 930 2924 sttrrt
941 2865 1028 2939 (lton.

240 2969 310 3038 snt).
327 2967 454 3036 Superest
473 2975 501 3020 ut
520 2980 535 3019 a
557 2963 611 3020 beo
631 2964 723 3029 electi,
739 2964 809 3019 sicut
830 2971 857 3018 et
877 2961 1026 3026 credimus,

239 3061 376 3130 Bedesis,
388 3076 467 3130 ortam
481 3061 602 3115 laborare
617 3060 746 3123 cernitis,
761 3073 857 3115 manus
873 3062 966 3114 restrae
984 3071 1028 3112 so·

239 3154 299 3211 latia
312 3153 462 3225 porrigatis.
480 3152 593 3208 Cessent
605 3152 651 3223 qui
666 3152 725 3222 paci
741 3151 799 3222 ejus
813 3150 962 3215 obsistunt,
978 3150 1026 3203 ob·

238 3253 388 3301 murmcaut
407 3246 451 3314 otri
466 3243 492 3297 iu
514 3245 597 3298 tonna
619 3253 756 3310 pasturum
771 3253 904 3298 conantur
918 3257 1026 3312 gregem

237 3333 337 3389 Christi
352 3333 519 3402 disperdere.
535 3333 648 3386 lstorum
663 3334 795 3388 eorrectio
810 3333 881 3388 rires
891 3331 972 3386 rostri
984 3333 1028 3385 br·

237 3434 293 3481 mat
303 3426 407 3496 imperii
420 3440 428 3488 ;
441 3423 502 3494 quia
515 3424 558 3480 ubi
575 3424 646 3480 [isus
659 3425 795 3491 recolitur,
811 3424 960 3480 adversitas
974 3440 1026 3479 non

237 3515 454 3572 lrabetellecturn.
465 3515 538 3571 lluuc
550 3515 736 3585 gratulationis
753 3517 874 3586 pagiuam
891 3529 939 3587 per
948 3517 1027 3570 bles·

236 3608 348 3663 andrum
365 3606 451 3661 ulrum
469 3607 646 3662 clarissimum
671 3622 723 3661 non
748 3607 888 3661 omisimus
906 3607 1026 3661 destina·

236 3707 280 3765 re,
294 3707 433 3769 sperantes
443 3714 504 3753 cum
517 3698 563 3753 bei
575 3698 657 3753 nostri
670 3697 802 3767 adjutorio
814 3713 860 3768 per
871 3697 932 3768 (nd.
947 3697 1024 3753 llom.

235 3798 268 3852 ad
289 3792 407 3862 Grntunr)
430 3791 515 3846 ritum
537 3790 714 3848 clarissimum
731 3792 821 3845 'liliurn
846 3799 966 3844 nostrum
992 3792 1025 3846 de

235 3885 347 3956 siugulis
370 3898 429 3953 uuae
456 3882 490 3937 ad
510 3884 639 3937 toritatem
664 3881 792 3937 Ecclesia
820 3881 952 3950 portinent
977 3895 1025 3935 nos

235 3976 383 4033 elementia·
405 3984 501 4030 restrae
522 3973 680 4046 prebituros
694 3989 754 4030 esse
769 3989 924 4043 respousnur
943 3976 1025 4044 (auno

236 4068 428 4138 bominib'lii).

546 4180 707 4238 uersibus

460 4289 556 4328 ansatur
577 4290 611 4328 so
631 4289 792 4329 rronursorrr.

234 4364 274 4420 dd
289 4366 432 4429 petitionem
444 4366 546 4420 corrrilii
559 4365 833 4436 Gotrstuutinopolitoni
844 4367 964 4422 tustinus
977 4385 1022 4436 per

185 4465 191 4472 ·
267 4434 375 4490 Gratum
407 4435 523 4489 comiteur
556 4437 637 4505 petit,
666 4446 694 4488 ιιι
727 4435 840 4505 pontifex
873 4439 907 4490 od
935 4453 1062 4514 peceato

270 4505 394 4561 Orientali
423 4505 544 4560 Ecclesia
568 4506 799 4563 reconciliandum.
822 4518 846 4559 ει
874 4511 907 4560 ud
935 4509 1020 4573 lapsos
1046 4531 1047 4534 ¹

266 4576 424 4648 recipiendos
449 4576 545 4646 legatos
569 4574 817 4644 Constantinopolim
842 4578 940 4631 trsittere
964 4580 1021 4649 dip-

266 4657 348 4701 netur.

265 4757 384 4814 lustinus
398 4760 534 4829 Augustus
551 4757 699 4813 llorruisrlu
715 4773 799 4828 papae.

1333 2321 1498 2380 nulsione
1511 2325 1629 2382 XXVlll.

1214 2427 1248 2465 nb
1261 2427 1387 2468 tbsTlltt'!
1399 2431 1537 2471 AUGUSTO!
1557 2433 1742 2474 nesrortsontt.

1082 2498 1251 2554 Conrntendut
1273 2503 1330 2572 ejus
1342 2504 1374 2558 de
1391 2507 1553 2561 corrationale
1578 2524 1641 2577 pure
1658 2511 1866 2577 sollicitudinem,

1114 2579 1138 2623 tt
1154 2572 1241 2639 creptis
1255 2584 1339 2626 monet
1354 2575 1535 2644 insistentium,
1559 2594 1701 2651 nomenque
1711 2583 1797 2635 drusii
1809 2586 1869 2637 oio·

1114 2640 1218 2695 landant
1233 2658 1295 2697 esse.

1119 2751 1258 2808 llormisds
1270 2753 1375 2811 lrrstiuo
1392 2756 1522 2826 Augrrsto.
1647 2812 1649 2815 ,

1115 2841 1254 2912 Sumptam
1267 2845 1300 2900 de
1314 2845 1417 2916 imperii
1430 2848 1513 2903 vestri
1523 2859 1582 2904 ortu
1599 2850 1730 2917 laetitiam,
1744 2856 1868 2922 gnaruris

1081 2933 1151 3001 apud
1166 2949 1215 2989 nos
1239 2935 1383 3004 pollentem
1400 2939 1497 2993 merito
1509 2942 1687 3010 precedenti,
1705 2960 1810 3013 quoqrre
1823 2962 1868 3014 ge-

1081 3024 1203 3079 minastis
1218 3026 1354 3096 alloquio,
1376 3029 1514 3099 reciproca
1525 3031 1667 3088 devotione
1682 3034 1780 3090 testati.
1808 3036 1867 3091 laur

1040 3094 1064 3158 C
1080 3126 1142 3173 tunc
1153 3128 1276 3174 secutura
1288 3122 1472 3190 previdimus,
1484 3138 1543 3192 que
1553 3124 1664 3178 rrauede
1674 3126 1866 3182 eccle-rasura

1079 3209 1188 3265 unitatis
1207 3209 1302 3266 allecto
1325 3211 1443 3267 coelestis
1457 3215 1550 3283 gratiae
1570 3213 1748 3285 inspiratione.
1765 3217 1866 3286 signill-

1078 3301 1169 3357 castis.
1181 3297 1281 3355 'llatres
1295 3315 1377 3371 crgo,
1402 3302 1611 3361 clementissime
1625 3305 1783 3376 imperator,
1799 3323 1866 3375 prt-

1078 3407 1182 3446 roueur
1194 3391 1228 3446 do
1243 3392 1290 3470 tali
1305 3404 1368 3449 roto
1381 3395 1436 3463 jani
1448 3396 1576 3465 gloriam,
1587 3397 1635 3453 sed
1649 3409 1820 3468 exspectatur
1832 3403 1866 3454 de

1079 3485 1241 3553 perfectione
1257 3498 1397 3556 perpetua.
1414 3488 1461 3542 llas
1486 3499 1549 3545 sunt
1573 3489 1738 3544 validissima
1760 3492 1865 3561 imperii

1077 3576 1160 3630 restri
1176 3573 1360 3646 fundamenta,
1372 3593 1436 3649 ena
1446 3579 1472 3634 in
1488 3581 1548 3648 ipso
1562 3581 1695 3636 nascentis
1706 3581 1779 3651 regui
1793 3582 1865 3651 prin·

1076 3666 1146 3732 cipio
1158 3666 1275 3722 diuinam
1285 3668 1418 3724 uniuersis
1430 3669 1575 3739 praeierunt
1584 3679 1676 3724 saneta
1687 3669 1864 3738 dispositione

1076 3761 1219 3815 culturam.
1235 3761 1337 3817 l'eucte
1350 3763 1441 3831 itaque
1457 3763 1525 3818 lianc
1543 3764 1593 3832 pire
1616 3761 1804 3817 sollicitudinis
1817 3777 1863 3818 cu·

1077 3865 1151 3916 ratu,
1166 3859 1196 3904 et
1216 3851 1470 3918 procatliulicorum
1486 3866 1566 3921 pace,
1589 3852 1657 3907 sicut
1668 3852 1800 3920 coepistis,
1818 3852 1862 3903 irr-

1075 3943 1162 3996 sistite
1179 3961 1184 3995 :
1200 3941 1261 4011 qtria
1272 3941 1343 3997 [teus
1356 3953 1456 4008 nostor,
1473 3945 1519 4014 pai
1529 3942 1607 3999 robis
1622 3942 1693 3996 bunc
1705 3941 1795 3997 tribuit
1805 3942 1863 3995 arri·

1076 4045 1159 4097 muro,
1170 4032 1252 4102 elegit
1269 4033 1351 4087 etiam
1365 4046 1495 4103 perustos
1512 4030 1766 4101 prusteteiiectom.
1796 4029 1862 4084 liam

1074 4131 1101 4177 et
1112 4123 1299 4193 episcoporum
1314 4132 1374 4178 rota
1388 4137 1535 4194 precesque
1548 4123 1625 4179 nobis
1639 4121 1738 4177 ellasar
1753 4131 1861 4190 gratan-

1076 4220 1116 4269 ter
1135 4213 1341 4282 amplectimur:
1361 4214 1406 4283 rpri
1421 4221 1509 4268 tamen
1530 4214 1581 4268 loci
1595 4214 1635 4267 sui
1648 4211 1862 4267 consideratione

1022 4285 1025 4292 ¹
1074 4305 1242 4365 commoniti,
1254 4318 1285 4364 ea
1294 4304 1448 4359 rteatrtsrant
1458 4318 1518 4373 quae
1530 4302 1629 4357 dudunt
1639 4301 1751 4369 utseoui
1764 4302 1861 4355 uellent

1074 4395 1312 4465 sedisapostolicae
1335 4395 1489 4450 cslrortario
1512 4395 1607 4449 crebra
1634 4409 1686 4448 uon
1711 4393 1806 4448 delirit.
1828 4392 1861 4446 Et

1075 4489 1201 4558 quoniam
1214 4489 1282 4543 clcnr
1302 4487 1384 4542 utinm
1400 4495 1516 4542 restraur
1531 4486 1556 4540 id
1576 4500 1683 4556 cupere,
1700 4485 1760 4537 illos
1779 4483 1860 4536 etiarn

1076 4580 1285 4635 limodidiciurus
1299 4580 1451 4646 postulari,
1477 4594 1536 4649 qruc
1556 4593 1599 4633 res
1620 4578 1749 4632 lraoteuus
1765 4576 1860 4630 Eccle-

1073 4672 1174 4726 sitrum
1186 4684 1277 4738 pacem
1293 4670 1343 4724 sub
1354 4670 1520 4725 corruentiosa
1537 4667 1716 4722 obstinatione
1729 4666 1860 4726 diviserit,

1074 4777 1123 4817 nec
1132 4761 1237 4830 pietatis
1250 4771 1354 4826 vestra,
1370 4778 1419 4817 uec
1438 4763 1543 4816 illorum
1558 4760 1664 4830 relugit,
1681 4759 1753 4813 uelut
1768 4759 1859 4811 latenti

158 4900 167 4908 ,
266 4848 382 4904 loannes
405 4851 443 4902 rir
467 4851 652 4914 beatissimus,
674 4847 752 4917 trrrjus
775 4850 853 4918 repis¹
874 4851 947 4907 urbis
970 4868 1019 4906 au·
1072 4867 1163 4919 causa,
1175 4854 1305 4908 notitiam.
1321 4853 1390 4922 Quid
1403 4854 1481 4923 igitur
1492 4857 1578 4907 tacere
1589 4853 1712 4915 debcant,
1727 4851 1861 4905 etlitterit

232 4936 318 5003 tlstes,
330 4947 356 4992 et
369 4941 458 4993 cnterl
473 4941 522 4994 riri
534 4940 648 5008 religiosi
660 4940 777 5008 episcopi
788 4939 821 4993 do
832 4941 944 4995 dirersis
954 4943 1020 4996 lucis
1073 4944 1182 5007 trostria,
1194 4951 1222 4996 ct
1235 4941 1329 5004 libelli,
1340 4958 1420 5012 quent
1436 4943 1591 5007 direximus,
1605 4941 1676 4996 serie
1696 4940 1859 4992 continetur.

230 5037 257 5086 et
271 5029 424 5084 ciuitatibus
438 5030 480 5085 lric
494 5034 609 5101 reperti,
632 5044 750 5088 uosuam
774 5037 946 5092 serenitatem
971 5037 1020 5091 do·
1073 5033 1338 5098 {rosembeonosrro
1348 5043 1377 5089 et
1385 5034 1527 5089 cleursntia
1539 5041 1626 5088 rostra
1636 5032 1788 5099 adjurante,
1800 5045 1860 5082 sus·

229 5130 340 5177 ruerunt
363 5133 412 5187 pro
432 5121 575 5177 concordia
594 5139 685 5178 reraur
704 5135 732 5180 et
748 5125 923 5181 ortlrotlorram
939 5128 1017 5184 iltlcrn
1069 5125 1172 5192 cipiunt
1187 5135 1218 5180 et
1240 5135 1405 5193 sequuntur,
1428 5125 1525 5194 poterit
1546 5122 1578 5176 ad
1594 5136 1652 5176 eanr
1678 5133 1757 5187 quam
1775 5119 1861 5170 mari-

265 5264 279 5293 ²
306 5253 448 5323 Postqtrrtru
464 5253 632 5319 precedente
643 5257 754 5326 epistola
768 5258 886 5313 lustinus
900 5260 1017 5329 impera·
1069 5269 1155 5323 niliaci
1171 5282 1259 5338 posse,
1285 5263 1423 5334 respondit
1438 5265 1475 5317 illi
1491 5260 1630 5318 llorurisda
1651 5256 1771 5325 pontifex
1787 5272 1856 5320 pirm-

229 5333 281 5388 tur,
295 5326 433 5394 atrtitpuum
457 5337 559 5377 rnorem
586 5325 796 5382 ortlrodoxoruor
823 5330 1011 5397 imperatorum
1069 5342 1159 5394 stilum
1170 5351 1229 5391 esse
1240 5336 1266 5389 id
1275 5336 1307 5387 :td
1320 5334 1392 5400 quod
1405 5347 1499 5388 ouruea
1512 5329 1653 5387 ortlrodori
1679 5328 1857 5396 imperotores

230 5397 360 5461 imitatrts,
375 5393 409 5449 de
429 5394 468 5446 tui
482 5393 612 5465 electione
630 5396 662 5448 ad
685 5397 832 5453 llurttururm
848 5403 1012 5470 pontlltccur,
1071 5410 1129 5476 iure
1143 5416 1206 5463 sunt
1220 5404 1339 5473 obligati.
1357 5403 1432 5459 Unde
1445 5405 1519 5457 vities
1532 5399 1676 5471 arrtiqnitus
1686 5398 1857 5450 observarunt

229 5482 307 5532 quein
323 5479 350 5520 ιιι
366 5474 502 5533 parentem
515 5466 706 5528 reiterabatur,
722 5469 824 5523 litteras
839 5472 966 5538 dedisset,
983 5489 1013 5526 ca
1076 5479 1158 5532 luisse
1176 5485 1207 5531 nt
1228 5474 1261 5528 de
1275 5474 1362 5527 electu
1388 5474 1548 5540 insperatum
1575 5474 1710 5525 ltomarrus
1735 5468 1854 5534 pontilerr

230 5537 395 5600 5¹¹¹⁰¹tll⁰¹ler
421 5542 450 5589 ¹¹¹
464 5543 555 5605 aperte
570 5534 739 5597 ill⁰fl¹⁹lel¹¹l
753 5539 822 5593 ”lilii
847 5540 957 5596 fortiore
967 5560 1013 5608 pu-
1065 5549 1163 5602 certior
1178 5545 1312 5604 reddatur,
1328 5543 1461 5611 cleotinus
1479 5542 1646 5598 eotrsccratio
1663 5549 1690 5594 et
1704 5539 1852 5593 corrllrura·

229 5604 321 5668 tentia,
338 5620 416 5674 ortatu
438 5606 624 5661 cutrtrrruniurre
637 5619 698 5658 utrm
721 5611 802 5662 totius
818 5611 943 5666 licclesire
958 5613 1013 5680 pri·
1067 5619 1103 5670 tio
1116 5626 1229 5687 petatur.
1249 5612 1313 5667 Ser.
1330 5612 1428 5667 liturus.

230 5675 313 5728 suario
326 5676 454 5743 antistite,
472 5675 627 5746 populorum
637 5674 759 5731 ildeliunt
773 5680 935 5736 uoluntatem
947 5697 1009 5735 corr·
