3906 6180
256 278 309 367 scs

863 291 948 353 ‘titt
970 284 1155 352 ttmsttsnte
1177 289 1285 352 utrm
1322 283 1326 289 '

1833 291 1886 348 ibi

254 423 315 480 hant
335 419 392 474 salo
405 418 495 474 latare
513 426 540 471 ιι
556 391 707 470 ¹trichoram
724 411 750 465 in
766 423 873 466 morsus
889 408 1038 465 absolvere.
1055 416 1078 474 Α
1093 410 1133 463 Τι
1156 410 1288 478 praedonis
1315 407 1424 463 nescisti
1449 406 1544 462 timere
1566 406 1707 471 saeuitiam,
1738 416 1765 459 tu
1782 406 1887 461 ltllttttit·

257 516 322 570 bum
336 513 449 567 lractnra
465 509 640 579 procellarum
655 520 714 575 qun
726 503 828 558 nothas
843 502 974 557 hactenus
990 510 1044 557 ter·

170 611 176 617 ’
255 606 340 670 rebat,
351 604 453 666 inritat,
466 610 493 655 ct
507 613 555 668 per
568 597 617 651 uda
628 595 744 665 aequaris
757 593 844 662 spatia
859 606 982 646 somnum
993 604 1043 660 gu·

255 695 390 752 lteruatttis
413 691 537 746 admittit.
560 690 625 743 tium
650 688 741 739 colore
765 683 892 738 distincta
908 690 1044 751 gemmato

255 786 342 839 cernis
356 783 450 850 opibus
465 789 539 848 pratu
554 778 699 832 ditescunt.

289 870 374 924 Teati
394 867 571 936 pontificalem
593 866 694 934 apicem
707 864 835 934 grauitas,
859 862 954 931 pudor,
971 859 1046 930 pudi-

254 965 327 1028 citia,
339 972 465 1016 uenustas
489 960 609 1023 adduxit,
626 965 727 1012 statuat
741 957 791 1011 ista
810 957 870 1011 loco
883 956 986 1020 laudes,
1000 948 1045 1008 cul

255 1051 464 1121 uuncsnppctil,
479 1049 550 1119 quod
575 1048 660 1118 possit
680 1047 825 1117 praedicare
848 1045 882 1101 de
914 1046 1043 1099 moribus.

255 1145 396 1199 blonteutis
410 1143 482 1196 enirn
497 1154 561 1194 aura
575 1138 714 1207 popularis
731 1135 887 1203 impellitur,
903 1147 930 1189 et
955 1137 1045 1188 nescia

254 1235 384 1293 examinis
398 1234 475 1287 turha
487 1230 550 1287 dunt
567 1229 662 1283 stndtis
686 1227 787 1296 rapitur
800 1235 871 1278 amat
881 1223 1043 1293 incognitos.

254 1329 339 1386 lllteri
351 1326 421 1398 quod
435 1325 538 1395 pius'cs
550 1322 678 1385 ostendit,
701 1320 778 1374 alteri
789 1319 859 1387 qnod
872 1332 993 1382 seueros,
1007 1316 1046 1370 al-

255 1423 303 1478 tcri
318 1418 387 1489 quud
408 1418 477 1476 bene
501 1414 625 1484 acquisiti
650 1411 807 1467 distributor
823 1410 987 1478 patrimonii,
1003 1407 1045 1461 al·

255 1517 305 1572 teri
318 1514 388 1584 quod
412 1515 465 1569 scis
485 1524 558 1568 recte
585 1518 789 1580 partuscrrarc.
817 1505 845 1559 li
860 1505 939 1559 studii
962 1504 1044 1558 sumit

256 1609 426 1672 universitas,
446 1616 475 1661 nt
488 1621 549 1660 cunt
565 1604 597 1658 de
614 1602 751 1672 proposita
773 1599 851 1654 laude
862 1596 1045 1666 unusquisque

255 1703 384 1768 vinceret,
401 1697 443 1753 rel
464 1695 620 1759 collatione,
645 1692 685 1747 rcl
707 1691 896 1755 collocutione,
913 1698 1000 1743 tamen
1018 1689 1044 1743 in

256 1790 461 1864 praceniistnis
477 1787 595 1843 melioris
619 1784 687 1840 tituli
711 1781 745 1838 ab
769 1782 855 1838 altero
880 1769 1083 1837 vinceretur.ll

293 1926 300 1955 ¹
324 1916 461 1988 Vesontio}
477 1909 547 1972 ldem
565 1915 677 1971 sortasse
688 1931 749 1970 eum
761 1916 888 1970 Venantio
902 1916 943 1970 cni
956 1916 1044 1969 Enno-

1096 510 1247 556 mentornm
1262 499 1332 570 quod
1348 500 1375 553 in
1397 499 1538 553 malitiosis
1561 500 1701 553 nocentius
1725 498 1806 563 telum
1834 509 1886 562 cst,

1095 599 1171 646 scoto
1182 592 1338 646 constantiae
1353 604 1454 643 tenena
1467 586 1603 658 respuisti.

1283 705 1291 734 ¹
1314 702 1485 757 thannim
1505 701 1682 758 eudochia.

1137 814 1258 881 Domine,
1271 813 1391 868 admiror
1406 814 1538 868 sermonis
1561 812 1749 868 abstinentiam
1766 815 1826 884 quia
1842 818 1886 886 qui

1096 904 1189 972 exigua
1216 903 1377 971 condiderit,
1409 904 1475 958 nihii
1501 904 1635 973 producit.
1651 906 1746 959 Credis
1770 907 1822 961 snb
1839 890 1889 963 hac

1096 993 1238 1049 occasione
1251 994 1385 1062 proiectus
1409 995 1448 1048 tui
1467 995 1550 1048 latere
1568 995 1718 1062 scientiam,
1738 1006 1764 1050 et
1779 999 1887 1054 tacitur-

1098 1082 1165 1136 trita¹
1180 1083 1342 1153 imperitiam
1362 1083 1502 1153 prodit‚et
1529 1084 1685 1140 infabricata
1709 1087 1887 1144 contabulatio

1097 1169 1251 1226 manifestat
1275 1171 1426 1228 infantiam.
1443 1172 1547 1228 lnlcrea
1561 1181 1624 1229 ante
1640 1175 1716 1245 inops
1729 1178 1814 1246 gratia
1833 1194 1885 1231 nou

1097 1262 1180 1325 inisti,
1195 1263 1282 1317 sciens
1293 1261 1355 1332 qnid
1368 1263 1516 1332 diligentia,
1529 1264 1593 1332 qnid
1607 1267 1722 1320 amantis
1734 1268 1886 1321 sollicitudo

1096 1351 1235 1420 flagitaret.
1249 1351 1345 1406 Factus
1358 1366 1388 1407 es
1410 1352 1538 1407 bonarum
1552 1369 1643 1408 rerum
1654 1353 1787 1420 cohscius,
1804 1367 1881 1426 post·

1096 1458 1174 1512 quarn
1193 1450 1219 1497 te
1232 1440 1266 1496 ad
1281 1442 1424 1497 obtinenda
1443 1458 1502 1512 quae
1523 1450 1650 1513 putantur
1663 1446 1778 1499 ntaxitua
1799 1455 1886 1500 traus-

1097 1533 1229 1588 misimns.
1266 1532 1342 1599 Quod
1373 1541 1456 1590 restat
1486 1536 1562 1601 sale,
1586 1537 1721 1605 accipiens
1747 1538 1885 1591 monitoris

1096 1625 1192 1690 rerba,
1207 1633 1234 1680 ct
1248 1626 1402 1680 melioratus
1417 1627 1443 1681 in
1467 1635 1493 1683 te
1513 1629 1665 1698 scriptionis
1679 1629 1833 1684 assiduita'e
1847 1630 1886 1683 di-

1097 1718 1185 1789 tulga.

1098 1921 1170 1977 idem
1186 1920 1324 1977 Ennodius
1335 1923 1423 1993 epist.
1438 1922 1455 1978 9
1471 1923 1517 1979 lib.
1532 1937 1694 1994 sucumque
1716 1925 1832 1995 appellat
1847 1927 1884 1978 oi·

257 1995 317 2047 dius
340 1992 461 2046 inscribit
481 1988 622 2056 epistolant
644 1986 678 2040 ἓξ
693 1986 739 2040 lib.
760 2001 785 2054 s,
807 1986 840 2039 ad
854 2001 932 2054 quem
956 1986 1043 2038 locunt
1091 2007 1154 2044 rum
1172 1993 1236 2044 clar.

257 2064 316 2117 sirie
349 2073 437 2115 nutant
465 2057 609 2114 Sirtnnntli.
638 2057 758 2109 venantii
788 2069 894 2120 quoque
924 2056 1046 2109 meminit

853 2245 934 2288 tulto
945 2245 1064 2288 'nutritii
1080 2247 1292 2290 bitti-hullt.

256 2182 1214 2606 OEORMISDA
1272 2339 1705 2602 Papi.

955 2675 1181 2756 NOTITIA.

922 2809 967 2867 (tls
981 2809 1053 2858 Libro
1066 2811 1216 2873 pontilicaii.)

950 2916 1192 2937 ’.ι-.-

294 2990 307 3020 ·
322 2979 460 3037 llormisda
474 2976 583 3033 natione
595 2976 763 3046 Campanos,
782 2989 815 3031 ex
831 2982 905 3045 patre
919 2975 996 3032 lusto
1010 2975 1045 3032 de

1096 2977 1205 3033 civitate
1228 2976 1376 3032 Frusinone
1399 2976 1563 3048 (Frusionel,
1585 2976 1683 3033 ¹'sedit
1696 2993 1779 3032 annos
1800 2980 1839 3051 (a)
1856 2984 1873 3037 8

293 3090 465 3146 *iactantes
484 3090 540 3145 sire
560 3097 637 3144 notas
657 3095 716 3158 qua
735 3088 768 3143 ad
783 3098 923 3159 utramque
945 3082 1085 3160 paginati
1099 3105 1152 3160 quc
1174 3091 1243 3144 iutra
1258 3088 1432 3158 parcntltescs
1456 3090 1481 3142 iu
1498 3098 1569 3144 ιιιιιι
1586 3078 1730 3158 posuimus,
1744 3091 1884 3161 aliquoties

257 3179 331 3217 oram
348 3153 408 3230 post
418 3160 551 3216 Labicum
571 3159 653 3214 blansi
669 3161 857 3229 exscripserat,
871 3174 921 3216 nos
933 3161 1051 3230 plerum·

292 3283 304 3311 ⁸
325 3272 485 3343 Symmacho
500 3287 532 3324 ιι
548 3271 596 3325 hac
612 3272 663 3325 rita
678 3271 710 3324 ad
724 3274 916 3343 sempiternam
930 3274 1042 3344 gloriam

257 3344 396 3411 perducto,
424 3355 527 3394 summa
553 3342 632 3394 totius
657 3340 770 3396 lbtntatti
796 3344 862 3398 cleri
888 3346 1042 3411 concordio,

257 3413 402 3467 schismate
414 3409 528 3475 sublato,
542 3419 601 3477 post
613 3409 671 3463 dies
682 3420 784 3480 septem
802 3412 835 3467 ab
847 3413 904 3482 ejus
917 3416 991 3469 obitu
1008 3431 1043 3471 ιιι

182 3522 187 3532 .
257 3482 381 3537 calendas
399 3480 517 3549 augusti,
535 3494 605 3533 anuo
620 3480 716 3534 Christi
732 3479 795 3547 till,
812 3482 944 3538 Anastasii
956 3485 1043 3554 impe·

258 3556 352 3606 ratoris
367 3550 412 3615 it,
433 3558 460 3603 et
479 3549 637 3603 l‘heotlorici
654 3551 724 3619 regis
743 3553 825 3607 ltaliae
837 3551 882 3606 Ἡ.
904 3552 1044 3610 llormisda

256 3624 285 3675 s.
300 3622 332 3675 lt.
351 3620 382 3673 i..
402 3619 540 3682 diaconus,
561 3619 678 3689 pumiles
699 3629 740 3674 cst
761 3632 878 3676 creatus.
894 3623 969 3689 Quod
981 3639 1043 3680 cunt

257 3692 304 3745 toti
327 3689 385 3744 orbi
406 3690 575 3753 introtuisct,
594 3689 744 3759 clodoveus
758 3696 767 3712 ⁶
782 3707 828 3746 retr
847 3693 1045 3749 Christianissi-

257 3776 316 3814 mns
330 3769 485 3813 cunctorum
498 3758 655 3829 obsequium
669 3763 951 3828 praucnl1,etoiicia
966 3778 1045 3831 supe·

256 3831 335 3883 ratis.
360 3828 424 3882 Nam
447 3839 606 3897 suggerente
626 3829 759 3899 lietuigio,
782 3846 908 3886 coronam
933 3847 1044 3890 auream

255 3914 317 3953 cum
331 3899 460 3967 genimis,
476 3913 535 3968 quae
551 3904 661 3966 reguum
677 3901 804 3967 appellari
819 3903 901 3967 solet,
918 3903 948 3956 ll.
965 3904 1044 3958 Petro

256 3969 364 4022 donat-tt
378 3985 384 4019 :
396 3983 447 4035 qua
462 3983 491 4022 rc
501 3984 514 4019 a
524 3968 579 4022 ileo
590 3979 751 4024 consecutus
761 3977 803 4025 est
811 3973 961 4027 mercedem
973 3988 1043 4038 earo,

257 4049 286 4091 ut
310 4038 472 4092 Francorum
497 4039 571 4106 regni
597 4052 697 4092 corona
723 4038 852 4096 ltactcuus
877 4052 1043 4107 perseueret.

257 4108 341 4174 llnjns
353 4108 517 4175 temporibus
533 4107 688 4161 Anastasius
703 4110 848 4175 imperator
862 4110 1044 4181 Eutychianos

257 4177 339 4230 trinita
365 4177 397 4229 ati
425 4177 629 4245 optrrimettdotn
656 4177 875 4235 chalcedonense
900 4183 1043 4237 concilium

256 4248 365 4301 molitus
377 4245 435 4300 luit.
450 4248 512 4300 liitta
526 4248 680 4316 legatiouea
693 4249 818 4317 pontifice
832 4250 959 4315 monitus,
972 4260 1001 4305 ul
1011 4251 1044 4306 ad

257 4316 399 4372 uniendam
412 4315 574 4371 orientalem
586 4331 647 4384 crtgn
657 4318 821 4373 occidentali
834 4319 982 4376 Ecclesiam
998 4336 1045 4375 no·

256 4402 316 4441 men
325 4387 413 4442 acacii
426 4394 532 4440 curaret
544 4386 673 4455 expungi;
691 4388 829 4442 nonurodo
840 4404 892 4443 uon
907 4388 1045 4460 obtempe-

257 4459 344 4523 rarit,
359 4455 405 4513 sed
421 4457 507 4526 potius
520 4457 621 4524 ntajtrre
635 4472 695 4510 cnm
712 4458 801 4512 lurore
814 4458 936 4513 eamdem
951 4474 1042 4525 perse·

255 4529 300 4597 qui
316 4528 412 4594 erepit,
427 4527 543 4580 maxime
557 4528 745 4593 tunc,quandn
756 4542 804 4595 per
815 4527 876 4582 hdei
888 4528 1043 4585 ortltodosae
1058 4515 1081 4577 h

255 4599 451 4653 simulationem
460 4597 575 4649 latorem
585 4595 971 4666 populiCotrslantinopolitani
979 4615 1044 4654 con·

255 4679 364 4735 secutus
374 4673 456 4738 esset,
470 4666 644 4735 vitaliumque
658 4666 807 4735 pesclum
820 4668 972 4722 rebellantis
986 4685 1044 4725 me·

257 4747 311 4790 tum
326 4737 498 4791 excussisset.
513 4732 577 4789 Post
588 4736 669 4788 tuulta
680 4736 783 4791 scelera
797 4739 823 4792 in
839 4738 984 4792 Ecclesiam
998 4742 1043 4796 bei

256 4815 370 4869 patrata,
385 4804 507 4873 apparuit
520 4805 546 4858 ei
561 4820 608 4871 per
621 4807 706 4859 risutu
718 4808 767 4860 riri
781 4807 887 4862 candidi
901 4810 1005 4873 species
1017 4813 1042 4866 iu

255 4874 314 4930 hcc
335 4876 413 4929 rerba
434 4875 518 4942 ipsum
540 4875 746 4943 compellantis:
763 4875 830 4931 licea
844 4887 948 4944 propter
964 4881 1043 4948 perfi-

256 4946 325 5004 diam
346 4957 416 4997 tuom
438 4944 509 4997 deleo
534 4945 577 4997 tihi
599 4948 790 5012 quatuordecim
806 4962 814 4999 :
830 4947 926 5015 quihus
951 4949 976 5001 iu
998 4950 1043 5006 illo

256 5012 347 5066 codice
359 5014 508 5080 expunctis,
522 5015 601 5068 tertio
618 5014 728 5085 posldie
739 5016 848 5069 tonitrui
864 5016 969 5085 iragtre
980 5035 1043 5073 ιιι-

256 5083 372 5136 uitnatns
386 5092 437 5137 est.
459 5082 579 5138 lustinus
589 5101 624 5138 ct
642 5087 807 5138 armentario
823 5096 851 5141 et
868 5088 980 5140 subulco
996 5089 1044 5143 int·

257 5160 364 5220 perator
388 5151 554 5215 catholicus.
581 5154 695 5224 tideiqne
718 5155 876 5210 orthodoxa
898 5156 1043 5226 singularis

257 5229 395 5288 patronus,
408 5223 549 5277 butaslasio
561 5224 756 5293 bccphalornm
769 5227 902 5281 defensori
916 5241 931 5279 a
947 5238 1042 5283 senatu

255 5292 334 5346 simul
356 5301 383 5346 ct
400 5291 520 5346 exercitu
541 5292 667 5347 universo
686 5296 843 5364 subrogatus
859 5305 899 5351 est
913 5312 920 5349 :
936 5305 999 5352 tunc
1014 5300 1042 5353 in

255 5378 350 5419 omues
368 5363 512 5442 haereticos·
528 5362 669 5416 anathema
690 5374 733 5419 est
751 5367 959 5433 proclamatum
978 5377 1041 5422 tnnc

255 5445 369 5501 quatuor
381 5446 544 5488 oecnmeutca
559 5432 671 5486 cerchia
686 5436 843 5502 approbata,
857 5451 940 5504 eaque
950 5440 1042 5495 omnia

255 5515 328 5573 gesta
348 5506 454 5559 inerunt
473 5517 532 5572 quae
552 5504 578 5556 iu
592 5503 660 5557 aclis
672 5506 777 5560 concilii
795 5505 1043 5578 Constantinopoli·

292 5619 331 5688 (n)
345 5618 411 5675 cad.
427 5619 491 5675 buc.
508 5619 569 5684 tau,
584 5619 612 5676 9.

1102 3161 1134 3215 ad
1148 3162 1246 3216 calcem
1262 3161 1427 3229 paginarum,
1443 3159 1569 3214 asterisco
1585 3159 1704 3228 prolixo.
1724 3160 1798 3216 Eotr.

1088 3275 1150 3329 ¹tani
1165 3274 1215 3328 sub
1231 3273 1369 3328 hormista
1384 3272 1509 3326 celebrati
1527 3271 1595 3325 inira
1610 3272 1812 3327 describuntur.
1830 3273 1884 3328 lio-

1093 3359 1170 3414 gatus
1180 3346 1318 3399 llnrmisda
1329 3342 1502 3397 uidccrctum
1512 3343 1618 3396 concilii
1628 3346 1884 3407 conlirmet,pracria

1095 3413 1216 3486 synodali
1239 3412 1433 3469 consultatione
1448 3413 1596 3482 respondit,
1614 3414 1723 3478 petitam
1744 3413 1778 3464 ab
1791 3413 1884 3467 Oricu-

1096 3486 1140 3539 tali
1157 3483 1274 3537 Ecclesia
1290 3497 1392 3550 pacem,
1409 3491 1436 3535 ct
1447 3482 1636 3537 communione
1649 3494 1663 3532 tt
1683 3482 1717 3535 ita
1737 3497 1796 3535 csse
1819 3498 1884 3535 cun-

1094 3553 1253 3618 cedeudam,
1272 3553 1295 3606 si
1309 3553 1416 3606 nomina
1426 3551 1526 3615 ltcacii,
1538 3551 1677 3621 Euphemii
1689 3560 1716 3605 et
1726 3552 1883 3613 ilacedonii,

1095 3638 1164 3694 quos
1177 3624 1261 3678 sacris
1276 3623 1371 3676 tabulis
1393 3623 1574 3685 restituerant,
1596 3624 1701 3686 penitus
1715 3621 1837 3674 delerent
1857 3632 1883 3677 ιι

1094 3702 1287 3762 exputtgcrent.
1304 3692 1389 3758 Quam
1404 3701 1432 3744 ut
1446 3700 1473 3745 et
1487 3691 1566 3744 citius
1579 3701 1605 3744 et
1621 3690 1726 3744 [acilius
1736 3692 1882 3754 diuideret,

1096 3763 1256 3833 legationem
1269 3761 1411 3831 quatridam
1426 3761 1457 3813 atl
1472 3759 1605 3813 lustinum
1621 3771 1648 3813 et
1661 3759 1884 3827 constamiuopo-

1094 3832 1205 3887 litonum
1221 3832 1376 3899 episcopum
1390 3829 1532 3899 ablegavit.
1546 3844 1605 3896 quar¹
1617 3844 1709 3895 magna
1724 3844 1786 3881 cura
1802 3838 1829 3881 ct
1845 3832 1883 3880 in-

1095 3902 1196 3956 dustria
1220 3901 1349 3967 singulari
1372 3898 1501 3962 eltleerct,
1523 3909 1551 3952 ιιι
1570 3899 1687 3952 Zenonis
1703 3907 1730 3952 ct
1750 3902 1883 3952 arrasia-ii

1095 3973 1282 4027 hereticorum
1295 3972 1486 4036 imperatorum
1495 3969 1622 4022 memoria
1631 3970 1758 4022 damnare
1772 3984 1812 4030 nt,
1821 3967 1884 4023 inici

1098 4040 1212 4096 lormula
1236 4039 1433 4107 subscriptione
1455 4039 1644 4106 episcoporum
1667 4038 1828 4100 intraretur,
1853 4054 1884 4091 ac

1095 4112 1211 4178 denique
1222 4117 1252 4163 ul
1265 4124 1362 4163 nomen
1376 4109 1463 4161 hracii
1477 4109 1647 4176 aliorumque
1661 4122 1728 4174 quos
1744 4108 1827 4160 sacris
1842 4107 1884 4160 di·

1096 4181 1201 4250 ptycbis
1213 4179 1384 4233 restituerant
1398 4178 1475 4245 piane
1487 4177 1607 4231 delerent
1620 4186 1647 4230 cl
1661 4176 1770 4229 omnino
1783 4179 1884 4230 crstin-

1095 4259 1219 4319 gnercnt.
1228 4248 1362 4302 Successit
1374 4262 1417 4303 res
1430 4261 1477 4313 pre
1489 4257 1551 4298 νιιιο
1565 4247 1724 4302 sanctissimi
1738 4247 1882 4314 pontilicis.

1096 4319 1136 4374 ild
1151 4319 1367 4395 commonionem
1380 4316 1560 4370 Occidentalis
1573 4315 1701 4371 Ecclesiae
1715 4315 1814 4382 recepti
1828 4315 1884 4368 ine·

1096 4398 1158 4442 runt
1174 4390 1224 4442 hoo
1239 4395 1360 4456 tempure
1374 4387 1536 4449 Orienta'o,
1558 4385 1603 4455 qni
1618 4386 1695 4438 annis
1716 4387 1774 4451 plus
1794 4386 1884 4439 minus

1096 4457 1229 4527 octogiuta
1244 4460 1277 4511 ah
1291 4456 1416 4511 Ecclesiae
1431 4456 1531 4509 unitate
1547 4470 1593 4524 per
1605 4455 1722 4521 schisma
1738 4467 1799 4508 sese
1813 4457 1882 4506 diri-

1096 4535 1196 4589 seraut,
1212 4527 1292 4595 idque
1304 4527 1399 4579 accidit
1409 4525 1577 4579 sanctissimo
1588 4523 1656 4579 iusto
1668 4524 1883 4577 litsntrcctiouis

1096 4597 1237 4651 dominice
1249 4597 1350 4665 absquo
1363 4598 1414 4648 ulla
1430 4595 1560 4649 seditione
1572 4603 1600 4650 et
1610 4597 1722 4650 tumultu
1736 4611 1742 4646 :
1758 4602 1883 4660 tantaque

1098 4681 1157 4720 cnm
1169 4665 1355 4728 admiratione,
1375 4667 1519 4733 gratiarnm
1531 4665 1637 4718 actione
1647 4674 1674 4719 ct
1686 4663 1789 4725 laetitia,
1801 4678 1884 4730 quatr-

1095 4745 1149 4789 tam
1165 4738 1207 4789 six
1223 4735 1311 4804 lingua
1328 4735 1379 4787 nlla
1395 4735 1529 4800 explicare
1542 4735 1624 4788 valet.
1640 4735 1701 4788 llaec
1716 4747 1748 4786 ex
1762 4734 1883 4798 episolis

1096 4804 1245 4860 llormisdae
1260 4805 1388 4858 baronius
1401 4823 1408 4859 ε
1419 4818 1451 4858 es
1472 4803 1543 4858 notis
1563 4805 1735 4870 epistolarum
1753 4812 1779 4855 et
1793 4806 1883 4854 corici.

1095 4875 1191 4929 lituum
1213 4873 1280 4928 inira
1300 4873 1519 4942 subsequentium
1541 4874 1615 4942 ptura
1637 4887 1726 4927 rerum
1748 4871 1798 4924 sub
1816 4873 1883 4924 llor-

1095 4944 1178 4999 tnisda
1189 4954 1324 5014 gestarum
1335 4957 1491 5012 cognusces.

1132 5015 1265 5070 Restituta
1290 5012 1356 5067 hdes
1378 5012 1522 5074 catholica,
1544 5013 1709 5080 nexibusque
1730 5008 1883 5064 schismatis

1094 5083 1277 5147 liberatuhoc
1287 5084 1385 5138 bonum
1396 5097 1489 5138 secum
1499 5083 1596 5145 attolit,
1610 5089 1639 5134 ut
1649 5082 1777 5134 batorum
1792 5093 1882 5146 regent

1094 5161 1121 5207 et
1136 5155 1272 5223 populum,
1284 5154 1413 5207 hactenus
1426 5167 1496 5206 uerat
1506 5151 1642 5218 religionis
1656 5150 1805 5214 diuinaque
1819 5150 1884 5216 icgis

1095 5230 1248 5290 expertem,
1269 5221 1302 5274 ad
1317 5221 1494 5276 Christianam
1511 5221 1589 5274 lldem
1608 5216 1820 5285 amplectendam
1840 5222 1883 5270 in·

1094 5289 1211 5345 deterit.
1227 5291 1328 5345 doctor
1343 5290 1454 5344 ltiscetl.
1466 5291 1512 5344 lib.
1530 5291 1644 5343 sessu.
1658 5289 1755 5338 litatus.

1129 5357 1143 5398 δ
1163 5360 1247 5413 Annis
1258 5373 1363 5419 norem,
1375 5360 1471 5415 diebus
1481 5360 1585 5419 decetn,
1599 5371 1614 5409 a
1626 5357 1764 5410 con-niatu
1776 5351 1881 5408 Cassio·

1095 5427 1198 5485 latiari
1215 5429 1360 5484 ilatimttm
1375 5431 1487 5491 sedisse,
1503 5426 1673 5480 Marcellinus
1691 5425 1717 5479 in
1739 5422 1842 5478 Citrnu.
1856 5435 1883 5477 ct

1097 5495 1213 5553 Vaticani
1236 5497 1338 5553 indices
1361 5506 1548 5553 attestantur:
1569 5496 1623 5550 imo
1644 5495 1701 5565 ipse
1724 5495 1881 5550 Anastasius

288 5711 473 5769 'dhildsbertns
485 5717 602 5770 chanuto
624 5729 670 5767 rer
680 5717 752 5767 uuam
765 5720 793 5769 li.
807 5721 881 5770 l’stro
892 5728 1002 5769 corottuut
1012 5728 1113 5768 aureum
