3906 6180
82 409 93 431 .
153 384 205 441 us
722 364 860 426 uunuott
880 353 1033 422 nrtsuoot
1053 353 1241 419 arcturusts
1734 308 1789 419 trs

152 496 192 554 stri
204 507 281 551 mens
292 506 356 564 vaga
367 490 519 548 condictum
530 487 556 544 :¹
570 486 633 542 dum
645 481 714 557 apud
725 483 857 541 Veronam
869 491 940 538 tuam
954 477 979 540 Δ
995 480 1059 538 dum
1084 480 1260 538 tumefaceres
1281 475 1400 549 gurgites
1418 475 1453 531 ds
1475 488 1582 543 cruore,
1597 473 1623 530 itt
1645 474 1720 545 parte
1734 473 1788 531 alla

153 600 309 661 apparatum
325 585 413 643 nubeli
432 584 500 641 laxis
522 581 643 638 manibus
658 594 746 652 pugna
762 576 953 634 instruebatur·
994 572 1139 628 sistebatur
1150 569 1447 642 impetusllueuturum.
1460 567 1553 640 ltaque
1565 582 1600 624 ne
1612 567 1723 624 ensibus
1734 582 1789 624 uon

156 681 311 751 impendiis.
326 678 397 734 ltitril
415 676 510 732 lortius
523 672 682 731 adversariis
698 672 750 728 tuis
765 682 827 728 ante
838 670 943 726 aciem:
995 667 1143 731 suillceres,
1159 680 1209 736 pru
1223 673 1249 721 te
1263 672 1289 720 et
1314 662 1422 734 lympha
1436 660 1569 717 militavit.
1596 659 1676 716 Salve
1691 659 1790 716 llario·

154 771 201 828 sed
215 786 275 827 cum
291 769 354 825 belli
378 769 533 824 cecinerunt
557 766 679 831 classica,
703 762 767 818 uilril
793 761 945 817 infirmius:
997 758 1293 830 rumsplendidissime,
1303 759 1389 828 quiex
1400 755 1502 827 majore
1513 763 1589 826 parto
1602 754 1696 811 sordes
1706 753 1791 812 ltaliae

154 863 268 920 maxima
281 861 308 916 in
323 861 476 919 luctaminis
489 856 667 929 promissione
681 855 777 921 virtus,
793 852 857 910 etsi
871 848 947 907 suili-
998 849 1117 920 deluisti,
1130 847 1223 904 mundi
1235 847 1327 904 lacem
1338 847 1487 918 suscipiens
1497 847 1555 902 sine
1565 846 1708 917 dispendio
1719 846 1792 915 puri·

153 928 227 1012 cerct
250 956 338 1026 lingua
359 969 408 1025 pro
422 952 550 1019 dexteris,
576 951 652 1021 copia
672 963 777 1005 summa
792 946 947 1002 verborum.
998 942 1072 999 tatis.
1089 941 1159 998 Ecce
1173 942 1217 997 ilie
1232 949 1318 998 tectos
1339 941 1449 996 armatis
1462 954 1572 1010 campus
1585 939 1682 995 enituit
1695 939 1791 995 burna·

153 1031 263 1104 Electus
278 1054 320 1103 est
332 1047 454 1101 locurum
470 1044 549 1109 situs,
563 1056 617 1097 non
629 1048 683 1094 tam
697 1037 853 1108 congressui
864 1034 947 1101 utilis,
999 1024 1095 1090 notum
1109 1033 1211 1090 ossium
1222 1033 1341 1089 caudore
1355 1030 1537 1089 nobilissimus
1550 1049 1557 1086 ε
1571 1031 1711 1098 ltabernus,
1723 1046 1793 1102 quo·

155 1153 234 1208 quatu
250 1136 341 1207 pat-ori
355 1154 360 1187 :
375 1134 545 1205 providentes
561 1149 595 1188 ne
611 1131 791 1188 ascriberetur
803 1127 875 1184 casui
892 1125 949 1197 pri·
1001 1129 1071 1184 tieus
1085 1127 1182 1184 vetusti
1195 1127 1298 1182 doloris
1314 1140 1440 1197 urgentus
1454 1123 1595 1192 mensoria,
1620 1124 1691 1195 quod
1712 1125 1792 1181 tueri.
1822 1164 1825 1171 ·

154 1247 199 1288 uta
213 1232 294 1287 stiam
310 1229 443 1289 discessio
453 1228 637 1300 perfugarum,
652 1234 680 1282 et
693 1234 782 1281 tamen
795 1218 950 1292 reipublice
1000 1218 1114 1275 Saeuam
1127 1217 1334 1289 pulcherrimam
1350 1224 1441 1273 servet
1456 1226 1538 1273 terra.
1553 1216 1687 1272 sublimes
1699 1217 1794 1274 tandiu

153 1314 270 1381 candida
292 1324 400 1381 lurtuua
425 1321 597 1394 perurgebat,
623 1335 657 1376 ne
680 1329 769 1389 coepto
791 1317 948 1374 desisteres.
1002 1318 1110 1366 mancat
1123 1309 1194 1381 quod
1211 1309 1280 1379 passi
1292 1319 1363 1376 sunt,
1376 1308 1495 1378 quaudiu
1509 1308 1599 1365 deleat
1611 1307 1793 1379 oblisiouuod

155 1417 261 1474 itineris
276 1417 313 1471 tui
338 1430 495 1486 permensus
517 1412 670 1480 intervalla,
690 1409 853 1479 conspexisti
876 1410 951 1479 ignes
1002 1398 1134 1456 iecerunt.
1151 1403 1173 1454 0
1188 1401 1288 1457 utinam
1301 1399 1442 1455 voracibus
1455 1399 1578 1469 abripere
1591 1398 1690 1472 aliquid
1702 1401 1796 1457 bestiis

157 1507 273 1563 ltostium
289 1515 420 1563 astrorum
437 1520 512 1560 nrure
526 1503 667 1560 rutilantes
686 1520 702 1565 r,
714 1509 744 1557 ut
763 1501 785 1556 si
808 1497 951 1571 aliquando
1003 1506 1057 1546 nott
1071 1490 1181 1547 liceret!
1209 1490 1282 1547 Perit
1297 1490 1467 1548 desiderabili
1483 1493 1647 1563 spectaculo,
1663 1493 1734 1565 quod
1748 1509 1802 1577 ac·¹

156 1600 205 1655 tibi
222 1600 315 1655 luisset
338 1607 401 1654 nota
420 1597 547 1664 formido,
573 1597 600 1651 io
622 1597 764 1666 abruptum
786 1602 811 1649 te
833 1592 952 1664 pendere
1004 1586 1240 1656 quisiueriotlurta
1254 1584 1411 1641 belluarum.

157 1690 309 1748 didicisses.
319 1691 459 1760 Nunquam
468 1688 549 1743 auinti
558 1687 597 1743 tui
606 1696 702 1755 status,
714 1693 760 1740 aut
772 1684 951 1740 secundarum
1009 1681 1012 1686 ‘
1039 1678 1097 1733 illic
1107 1680 1205 1734 vellem
1218 1688 1245 1733 ut
1256 1681 1342 1735 aetatis
1355 1680 1504 1747 immemor,
1516 1679 1609 1741 liouta.
1618 1694 1796 1738 commeares.

157 1774 248 1839 rerum
264 1792 370 1837 tumore
385 1781 471 1838 elatus
485 1789 537 1848 est,
550 1790 596 1835 aut
608 1778 696 1833 dubiis
709 1775 852 1846 acquievit.
867 1775 953 1830 insta·
1006 1766 1034 1825 Si
1049 1770 1156 1826 venires
1171 1769 1337 1840 lapsantibus
1361 1772 1536 1829 tremebunda
1557 1771 1686 1843 vestigiis,
1709 1787 1797 1830 aevum

157 1875 205 1933 bat
215 1875 336 1931 certandi
352 1875 409 1930 dies
424 1873 515 1928 multis
532 1871 655 1928 tenebras
677 1870 800 1925 allatura.
816 1868 883 1922 Cum
899 1866 954 1937 pri·
968 1847 992 1909 Β
1004 1862 1101 1930 gaudia
1114 1848 1323 1918 cotumutareut.
1334 1863 1402 1930 Quid
1413 1878 1520 1932 semper
1534 1863 1652 1919 delubris
1668 1864 1797 1921 imntersa

156 1984 232 2024 mum
247 1981 342 2022 aurora
359 1965 428 2036 bigis
439 1965 467 2020 iu
478 1965 580 2020 croceis
593 1971 681 2027 orttun
695 1954 952 2033 jubarisindicavit;
1007 1954 1195 2011 concluderis?
1220 1955 1268 2012 llic
1292 1966 1379 2012 actutu
1402 1964 1452 2022 est,
1474 1966 1501 2010 ut
1520 1958 1610 2027 plures
1622 1955 1797 2016 nabarros

158 2075 218 2116 curn
235 2058 270 2114 de
284 2059 377 2115 oceani
402 2057 519 2129 lytopltis
541 2056 606 2110 solis
620 2055 727 2110 llamma
751 2050 953 2121 surrexitzjam
1006 2049 1090 2114 sulec,
1115 2063 1194 2118 uuam
1214 2057 1277 2104 aute
1295 2049 1394 2105 uideris
1411 2049 1577 2105 candidatos.
1604 2051 1726 2122 Agnosce
1739 2049 1798 2107 cle·

159 2168 269 2210 raucum
284 2152 404 2208 buccinae
416 2151 605 2215 concinebant,
616 2141 670 2220 ianr
683 2157 709 2203 te
719 2147 760 2203 sui
771 2146 870 2202 oblitus
882 2160 956 2216 quae-
1007 2141 1135 2196 urentiam
1145 2141 1245 2196 domiui
1264 2143 1300 2198 tui
1311 2161 1317 2197 :
1327 2157 1450 2213 saporem
1461 2153 1485 2199 te
1498 2143 1582 2198 voluit
1591 2144 1798 2201 ltauriretriuut·

159 2245 394 2302 rebatexeruitus.
405 2243 527 2310 Quidum
542 2240 716 2297 munimentis
728 2236 850 2309 clrulybis
861 2245 955 2308 pectus
1007 2233 1133 2303 pltorusu,
1147 2248 1225 2301 ouant
1241 2235 1320 2290 dubia
1335 2235 1416 2306 elegit
1431 2238 1538 2293 nescire
1547 2238 1736 2293 certatoiuum.

159 2334 324 2402 includeres,
340 2334 404 2390 dum
416 2333 503 2389 ocreis
513 2346 660 2399 armarere,
672 2331 735 2386 dum
748 2329 827 2386 lateri
840 2337 885 2384 tuo
897 2327 955 2383 viu·
1042 2326 1112 2382 Ecce
1125 2326 1222 2381 iteruru
1237 2327 1271 2381 ad
1288 2326 1452 2383 deditionem
1467 2328 1517 2384 sibi
1532 2329 1666 2401 cognitam
1683 2328 1800 2389 bostium

159 2430 213 2486 dex
229 2427 360 2484 libertatis
374 2426 479 2497 gladius
501 2434 649 2496 aptaretur,
670 2429 790 2478 sanctam
806 2429 917 2477 matrem
929 2428 956 2474 et
1007 2418 1079 2474 letho
1093 2419 1181 2475 debita
1201 2434 1263 2488 pars
1283 2423 1401 2477 cucurrit
1416 2439 1422 2475 :
1443 2431 1541 2478 etcum
1557 2425 1739 2480 excessissent
1752 2415 1808 2481 oc?

160 2519 342 2577 venerabilem
366 2533 498 2582 sororem,
525 2530 585 2588 quas
607 2515 640 2571 ad
663 2525 689 2570 te
713 2513 861 2583 diligentias
875 2526 956 2567 causa
1007 2513 1164 2569 cumbentes
1177 2529 1329 2582 numerum,
1349 2515 1383 2571 ad
1398 2516 1540 2572 servitium
1557 2529 1646 2575 tamen
1662 2519 1744 2575 armis
1760 2519 1800 2575 in*

161 2621 357 2677 cont·euerant;
377 2610 441 2666 dunt
464 2610 536 2666 iuter
561 2621 636 2679 spem
663 2615 690 2662 et
718 2614 819 2661 metum
841 2602 957 2658 leminea
1008 2615 1110 2663 structa
1125 2606 1293 2663 radiantibus
1307 2608 1413 2678 agmina
1428 2618 1622 2666 convenerunt.
1649 2609 1800 2668 Frangat

161 2703 316 2775 sollicitudo
329 2703 471 2774 penderet,
492 2699 557 2757 dun
572 2699 606 2756 de
620 2695 718 2755 eventu
732 2697 852 2753 attonitu
867 2694 956 2751 tultus
1007 2699 1114 2757 animus
1135 2708 1194 2756 trrtrs
1214 2715 1314 2771 pronus
1337 2717 1443 2772 semper
1466 2702 1499 2757 ad
1519 2703 1635 2761 verriana.
1658 2703 1800 2762 credidisti

160 2797 199 2853 lui
214 2798 303 2854 sidere
317 2804 501 2866 pascerentur,
518 2792 617 2849 talibus
630 2790 755 2861 alloquiis
769 2786 954 2846 continuati:
990 2791 1079 2862 ·quod
1108 2791 1187 2848 iidem
1222 2803 1409 2850 assuescerent
1438 2796 1589 2866 magisteria
1620 2798 1800 2867 necessitatis,

164 2889 259 2952 «Scis,
286 2887 413 2958 genitrix,
438 2898 528 2957 partus
551 2887 588 2940 tui
611 2885 713 2940 bonore
738 2883 870 2939 universis
893 2889 957 2936 nota
1008 2898 1088 2956 quam
1104 2900 1240 2956 uunquam
1255 2887 1433 2942 exitibueraot
1447 2888 1537 2943 studio
1550 2889 1712 2946 conciliante
1726 2889 1800 2959 priu-

161 2980 326 3048 nutionibus,
341 2979 412 3051 quod
428 2979 523 3034 natalis
536 2977 589 3034 mei
604 2986 726 3048 tempure
739 2977 826 3032 uirutn
842 2971 957 3030 lecunda
1008 2976 1120 3047 cipibus.
1134 2976 1258 3033 Servavit
1273 2988 1309 3047 te,
1325 2993 1417 3049 regunt
1432 2979 1578 3051 praecipue,
1595 2980 1665 3050 quud
1680 2979 1801 3052 abjecisti

160 3074 296 3147 genuisti:
317 3074 376 3129 dies
390 3082 442 3139 est,
468 3087 524 3143 quo
538 3071 585 3127 llli'r
603 3072 639 3125 tui
662 3083 760 3127 sexutn
773 3081 885 3138 campus
906 3082 956 3122 att·
1008 3073 1168 3127 sacramenti
1184 3072 1347 3129 uouddentia
1361 3074 1524 3129 cautionem.
1537 3074 1717 3145 Pepeutlimus
1729 3075 1801 3132 auxii

162 3167 284 3221 nuntiet:
298 3165 358 3219 telis
372 3163 504 3233 agendum
518 3171 570 3230 est,
580 3170 610 3217 ut
621 3175 731 3216 avorum
745 3175 792 3230 per
801 3176 845 3215 me
857 3159 955 3216 decora
1008 3179 1043 3218 ne
1060 3174 1238 3231 mererentur,
1253 3179 1321 3237 quos
1335 3164 1368 3220 de
1383 3165 1504 3221 ltostibus
1518 3165 1570 3221 tuis
1580 3181 1734 3238 receperas,
1747 3181 1800 3224 noo

42 3316 45 3323 ,
111 3253 120 3261 ”
161 3278 216 3317 nou
230 3270 361 3330 percant:
383 3260 442 3314 sine
456 3274 536 3314 causa
560 3267 701 3328 pareutum
724 3258 809 3312 titulis
833 3229 1107 3327 nitimur,cperirs.
1133 3257 1238 3314 Gratias
1255 3259 1311 3329 tibi,
1339 3261 1432 3316 ntuttdi
1447 3260 1547 3318 arbiter
1570 3261 1651 3331 Deus,
1675 3263 1720 3332 qui
1736 3275 1803 3318 oon·

162 3354 214 3411 nisi
225 3352 340 3425 propriis
354 3351 521 3423 adjuvemur.
535 3352 595 3408 Stat
607 3359 669 3407 ante
682 3352 776 3407 oculus
790 3365 865 3406 meos
879 3349 955 3421 geni·
1008 3352 1135 3408 scientias
1151 3360 1262 3407 veterno
1278 3367 1369 3408 errore
1383 3367 1521 3423 possessas
1535 3353 1569 3408 ad
1585 3353 1684 3409 ultores
1698 3353 1803 3424 gladios

161 3455 217 3512 tor,
233 3446 268 3502 de
280 3461 334 3517 quo
347 3459 482 3516 nunquam
497 3444 560 3500 lecit
572 3444 598 3501 in
609 3444 757 3500 certamine
768 3442 875 3499 lortuna
887 3441 957 3498 ludi·
1008 3443 1146 3514 impulisti.
1166 3444 1282 3501 Puderet
1303 3460 1346 3501 me
1368 3459 1512 3503 recensere
1535 3446 1668 3502 levitatem
1685 3447 1803 3516 origina-

161 3538 250 3596 brium
264 3556 270 3590 :
285 3536 330 3604 qui
346 3537 454 3591 dextros
469 3535 519 3590 sibi
535 3535 592 3604 ipse
606 3535 711 3606 peperit
724 3533 879 3592 valetudine
895 3520 957 3588 exi-⁶
1009 3536 1085 3602 riam,
1110 3539 1161 3594 nisi
1176 3552 1234 3594 eam
1250 3538 1370 3595 viderem
1386 3541 1438 3595 tuis
1457 3540 1581 3597 laudibus
1596 3540 1801 3612 obsequentem.

162 3641 243 3703 geute
258 3643 417 3686 successus:
432 3627 484 3685 buc
496 3636 603 3699 oportet
615 3630 683 3686 duce
693 3629 829 3696 contendi,
842 3629 887 3699 qui
897 3644 956 3686 oru-
1008 3630 1078 3699 Quiri
1098 3630 1238 3687 dissimulo
1259 3640 1333 3702 gesta
1357 3633 1502 3704 persequit
1524 3631 1613 3688 Libuit
1635 3637 1682 3688 eos
1705 3648 1801 3690 rursus

163 3722 208 3778 uia
221 3723 323 3778 iuoerta
332 3721 491 3788 nomionis,
501 3720 549 3777 sed
558 3721 674 3791 ipsesibi
685 3721 802 3777 secunda
812 3723 954 3779 conscivit.
1008 3721 1128 3779 tendenti
1143 3723 1274 3779 inermem
1297 3724 1435 3781 dexteram
1451 3725 1461 3755 ¹
1478 3723 1608 3779 Odovacri
1624 3738 1705 3795 regna
1722 3724 1803 3795 pulli·

166 3813 220 3870 iius
234 3823 322 3869 tamen
343 3812 493 3868 elaboratas
517 3820 616 3879 vestes,
638 3822 666 3869 et
685 3811 810 3868 liciorum
823 3822 956 3871 tormenta
1008 3814 1074 3871 ceri.
1091 3814 1209 3871 innotuit
1223 3815 1295 3872 illico
1311 3817 1394 3871 rubus
1411 3815 1437 3870 in
1453 3816 1513 3871 luce
1527 3815 1703 3886 deprebensis
1717 3815 1803 3872 bosti-

163 3903 305 3960 devebite:
320 3904 460 3960 cultiorem
476 3890 520 3960 ms
532 3904 603 3960 acies
624 3906 762 3976 suscipiat,
785 3920 864 3977 quant
888 3908 955 3962 iesta
1008 3906 1474 3968 liumerrorauimorum.Advocasti
1485 3907 1797 3978 providentiamactuum

162 4003 344 4052 consuerunt:
357 3995 403 4065 qui
417 4009 459 4050 me
473 3996 508 4051 de
520 3995 621 4066 impetu
634 4010 687 4052 trun
704 3995 869 4067 cognoverit,
885 3997 956 4053 aesti-
1010 4009 1116 4057 tuorum
1133 4002 1259 4058 comitem
1273 4020 1279 4054 :
1292 4010 1318 4057 et
1329 4018 1363 4058 ne
1373 4002 1501 4074 impunita
1516 4010 1587 4058 esset
1601 4000 1685 4058 libido
1698 4000 1803 4058 discur-

164 4097 220 4146 mst
233 4087 268 4145 de
283 4089 381 4144 nitore.
396 4088 493 4144 lutiitt
506 4090 666 4158 cupidorum
676 4091 767 4145 oculos
779 4090 866 4146 honor
880 4090 956 4146 indu·
1008 4097 1136 4161 rentium,
1154 4095 1261 4152 ultiouis
1276 4095 1373 4151 vexilla
1387 4097 1555 4164 concutiens,
1573 4093 1659 4150 iecisti
1672 4093 1802 4150 consilio·

162 4183 265 4240 menti:
278 4183 422 4253 pretiosior
435 4183 540 4254 species
555 4182 690 4241 leniendus
703 4183 829 4241 etlribeat
842 4184 957 4242 :babeat
1008 4207 1067 4247 runt
1083 4191 1241 4264 participem
1256 4190 1283 4245 in
1303 4189 1416 4246 secretis
1431 4189 1557 4260 populum
1572 4189 1628 4255 iarn
1650 4187 1800 4258 probatum.

164 4277 264 4334 laboris
278 4278 414 4345 solatium,
432 4277 477 4333 cui
487 4277 611 4350 iugulum
627 4293 715 4335 meunt
731 4278 837 4335 lortuna
853 4277 957 4350 prasti-
1008 4284 1148 4340 Neminem
1163 4283 1347 4340 adversarium
1366 4285 1508 4353 agnovisse
1526 4281 1648 4351 contigit,
1669 4279 1742 4352 guod
1759 4286 1803 4336 te·

163 4368 230 4426 terit
243 4386 250 4423 :
263 4368 365 4426 inhient
377 4368 475 4440 jacenti
490 4369 638 4441 splendori,
663 4387 731 4442 quos
747 4387 799 4428 uou
813 4372 956 4443 contigerit
1008 4391 1069 4433 cum
1083 4390 1146 4447 pars
1158 4374 1251 4432 mundi
1267 4376 1355 4446 potior
1372 4374 1540 4445 disponebat.
1558 4372 1682 4429 Mandata
1696 4381 1738 4427 est
1753 4385 1803 4442 per

163 4462 254 4518 viuere
265 4471 436 4534 pugnantem.
453 4480 463 4515 r
481 4462 529 4518 liis
541 4464 631 4531 dictis,
644 4466 752 4534 excepit
761 4474 788 4521 te
799 4474 874 4537 tergo
884 4466 956 4524 soui·
1008 4469 1134 4539 regiones
1147 4467 1372 4538 disjunctissimas
1385 4481 1436 4522 nea
1447 4465 1545 4521 votiva.
1558 4464 1624 4531 Quis
1634 4463 1692 4519 baec
1705 4470 1804 4534 praeter

163 4570 223 4624 pes,
238 4553 363 4611 lituorum
379 4553 521 4610 desideriis
539 4555 683 4626 inquietus.
702 4555 840 4612 Sed-dum
866 4557 953 4614 indul·
1009 4574 1152 4631 supernam
1167 4560 1335 4615 volunlatem
1350 4557 1484 4629 praestitit,
1498 4558 1613 4613 etunius
1628 4555 1681 4611 ictu
1697 4565 1803 4624 tempo·

162 4648 222 4704 sisti
234 4647 370 4714 allatibus,
387 4646 495 4703 inimica
510 4647 629 4719 legiones
644 4655 698 4704 tuae
711 4649 903 4720 premebantur
916 4651 957 4707 iu·
998 4642 1047 4713 ‘ris
1057 4655 1240 4712 effunderetur
1250 4655 1364 4711 Romani
1378 4653 1494 4709 nominis
1507 4654 1598 4709 clades
1613 4653 1690 4722 longa
1703 4661 1803 4721 ternpo-

162 4739 271 4792 stantia.
288 4739 390 4796 Dedisti
403 4740 534 4796 inertibus
547 4739 682 4810 ildariam,
705 4742 769 4798 durn
782 4745 915 4816 moraris:
931 4753 959 4802 et
1010 4767 1068 4807 rum
1081 4749 1252 4821 improbitate
1261 4749 1390 4806 collecta?
1405 4747 1454 4803 llic
1464 4764 1517 4818 uuo
1528 4763 1572 4804 me
1584 4757 1686 4802 vertam
1698 4743 1801 4801 nescio.

162 4829 215 4882 boc
229 4826 310 4884 credo
326 4817 477 4898 provisio'ne
487 4833 649 4900 coeliculum,
663 4849 696 4890 oe
708 4833 854 4892 deberetur
867 4839 959 4895 multi·
1009 4844 1127 4902 (traduto
1144 4842 1324 4914 reseram,gtti
1341 4840 1446 4912 suscepi
1458 4841 1576 4897 uiliciuio
1591 4838 1751 4904 laudatoris;
1766 4853 1804 4894 au

164 4919 261 4985 tudini,
278 4919 348 4990 quud
361 4919 459 4979 vicisti.
475 4923 600 4982 Protinus
614 4925 757 4983 adtentum
769 4938 843 4983 tuutu
856 4914 965 4987 iudica·⁴
1010 4945 1145 5007 arreptum
1161 4935 1356 5008 preconiorum
1373 4944 1479 4990 tuorum
1493 4933 1545 4989 iter
1556 4929 1710 5003 ingrediar?
1730 4928 1804 4984 Goo-

164 5014 203 5070 vit
215 5013 338 5070 bostibus
361 5017 475 5085 populus
494 5022 642 5078 occisorum
665 5040 673 5078 :
693 5033 881 5079 exsecutorem
895 5039 959 5096 pru·
1009 5039 1115 5101 sumpta
1130 5044 1173 5086 res
1188 5036 1229 5084 est
1241 5042 1371 5099 prospero
1385 5025 1513 5098 letalique
1527 5023 1617 5081 bellu:
1641 5023 1745 5079 succisa
1759 5029 1804 5076 est

164 5106 232 5163 didit
246 5105 328 5162 caedis
340 5109 497 5167 enormitas.
514 5111 567 5168 Setl
583 5128 633 5169 nec
646 5112 699 5169 iilis
713 5115 833 5171 remedia
846 5114 956 5174 deluere
1007 5122 1155 5178 odovacris
1178 5119 1363 5191 presumptio,
1389 5128 1529 5190 postquam
1552 5131 1613 5173 eunt
1637 5115 1750 5184 contigit
1767 5112 1804 5168 de

164 5197 597 5274 consueta.Gontinttoalasquas
616 5205 708 5262 tribuit
730 5205 856 5274 formido,
879 5223 955 5264 suot·
1009 5214 1112 5268 fallacia
1138 5227 1191 5268 uon
1213 5212 1311 5283 juvari.
1336 5212 1404 5280 Quid
1429 5212 1588 5268 llerulorum
1611 5209 1717 5279 agmina
1743 5207 1802 5262 lusa

164 5303 275 5365 pserunt
292 5309 299 5347 ε
319 5307 398 5349 cursu
413 5294 522 5363 praepeti
547 5295 684 5352 interitum
692 5301 795 5355 xmortis
816 5300 955 5372 eligentes.
1007 5305 1236 5362 commemorem?
1247 5305 1297 5372 Qui
1309 5305 1369 5362 ide'o
1379 5305 1508 5363 adversus
1523 5315 1548 5361 te
1563 5302 1670 5360 deducti
1684 5309 1758 5366 sunt,
1772 5307 1804 5354 ut

164 5392 213 5457 Qui
227 5404 271 5446 me
285 5387 390 5445 veritati
407 5389 493 5443 nescit
507 5388 677 5461 obsecutum,
694 5393 803 5455 Athesis
816 5395 903 5452 undas
917 5396 968 5467 vi·¹
1009 5397 1053 5453 itio
1065 5407 1253 5469 agnoscerent,
1271 5398 1352 5455 etiarn
1365 5398 1391 5452 in
1415 5398 1530 5468 propriis
1550 5394 1658 5451 sedibus
1669 5407 1748 5465 quera
1764 5390 1802 5447 ti·

164 5483 225 5539 deat
246 5492 289 5538 tua
311 5481 369 5539 rice
390 5480 531 5552 opulentas
552 5484 688 5540 exstitisse
709 5487 882 5546 cadaveribus
901 5506 910 5543 r
926 5497 956 5546 et
1008 5498 1115 5546 merent
1128 5507 1133 5542 :
1147 5491 1201 5560 egit
1215 5504 1310 5546 causas
1322 5491 1408 5560 louge
1419 5488 1517 5560 quietis
1532 5500 1584 5544 tuae
1598 5487 1671 5542 lusor
1685 5484 1802 5539 alieuu's.

200 5633 209 5662 ¹
225 5630 293 5683 Dum
307 5632 376 5701 opud
389 5632 534 5707 Veronam]
550 5633 647 5690 Eodem
660 5653 738 5706 uano,
752 5641 837 5770 ³⁰3⁰st
847 5644 953 5701 Cassio·
1043 5650 1054 5680 ¹
1076 5647 1202 5703 Odouucri
1223 5662 1302 5716 regau
1324 5646 1457 5720 polliceri]
1479 5648 1548 5704 'lusa
1567 5649 1734 5717 doceatque
1754 5662 1804 5703 au·

164 5702 256 5765 dotus,
267 5704 374 5770 repetito
387 5707 507 5775 conflicta
516 5706 626 5762 oistcs'tttt·
638 5707 779 5766 Odouttcer.

166 5775 246 5842 Quem
263 5771 308 5825 illc
322 5770 471 5831 Odoacrem
489 5776 678 5846 Theodericus,
696 5781 731 5835 od
749 5798 853 5856 compos
875 5785 952 5843 Vero·
1008 5791 1105 5847 iterum
1118 5788 1234 5848 deiecit:
1255 5789 1326 5845 unde
1339 5797 1430 5844 secuta
1453 5799 1495 5844 cst
1516 5788 1622 5843 obsidio
1636 5787 1800 5856 lirinensis,

165 5858 253 5900 ''llil“
263 5857 398 5899 Wlfflin
412 5861 504 5916 '’lidii‘'
513 5856 598 5920 ’ΜΘ
612 5850 713 5908 dtltit'i·
1008 5860 1284 5930 uuossTbeodericus
1294 5866 1533 5932 receperattutest
1542 5856 1801 5932 inillasspipbanii.

804 5715 953 5773 ornandas:
1007 5728 1082 5775 ctore
1095 5737 1100 5772 :
1113 5718 1156 5789 qui
1173 5733 1232 5774 curu
1247 5718 1369 5773 dedititia
1382 5719 1502 5774 exercitu
1517 5719 1550 5773 ad
1565 5719 1695 5773 odoacri»¹
1711 5727 1803 5786 partes
