3906 6180
152 295 205 355 853

151 407 188 463 2⁵
224 402 302 459 ilaris
316 400 381 456 laisa
393 396 552 468 redarguitll

221 494 302 567 342
316 493 379 549 llaec
393 501 435 548 cst
448 490 568 547 eliciens
581 488 667 560 magis

221 600 313 667 Lotrge
327 610 405 650 causa
422 593 567 662 patentior,

222 688 382 757 Qitamqua·
393 684 511 739 materiae
526 680 607 736 modo
663 731 665 736 Α

223 778 371 847 impressas
384 774 485 845 patitur
497 783 584 828 notas.

153 870 188 926 50
224 867 356 924 Praecedit
371 876 460 920 tamen
475 864 613 929 excitans,

224 964 263 1018 bc
278 960 348 1014 sires
363 957 446 1012 animi
456 970 583 1020 movens,

225 1052 291 1108 Viro
302 1052 327 1105 in
339 1063 452 1118 corpore
464 1046 563 1116 passio.

222 1140 289 1196 Cum
301 1139 343 1194 rel
358 1138 404 1192 lux
415 1138 509 1192 oculos
521 1134 596 1198 ierit,

224 1231 275 1287 tel
288 1244 339 1283 sos
356 1228 466 1282 auribus
481 1225 624 1293 instrepit:

154 1324 188 1380 bai
222 1322 291 1377 Tum
307 1320 404 1375 mentis
416 1319 494 1387 uigor
508 1315 627 1381 excitus,

224 1420 297 1488 Quas
310 1418 381 1472 intus
396 1414 502 1486 species
515 1420 605 1477 tenet,

222 1518 263 1572 bd
277 1525 367 1570 motus
378 1512 480 1568 similes
491 1524 608 1578 vocans,

224 1611 553 1686 Notisapplicatexteris,

224 1720 430 1785 introrsumque
444 1710 591 1770 reconditis
653 1756 655 1762 .

153 1816 189 1873 to
225 1814 330 1872 Formis
343 1812 439 1867 miscet
449 1807 591 1878 imagines.

418 1936 499 2009 353
514 1930 625 1990 etiosa
641 1930 674 1985 i.

153 2084 346 2138 arcanarum.
357 2102 393 2115 -
403 2073 477 2127 Sicut
489 2085 559 2140 erqo,
573 2066 656 2133 inquit
670 2062 849 2134 Philosophia,
863 2078 945 2145 aqna

189 2165 221 2206 ec
234 2147 406 2201 imbecillitate
421 2158 518 2203 cerasos,
534 2139 701 2207 imaginatio:
715 2151 795 2205 aeque
808 2150 841 2189 ea
860 2139 941 2190 tarbe-

189 2219 296 2274 eillitote
307 2213 498 2286 imaginationis
506 2207 768 2274 ratiocinationisque
781 2221 813 2260 ea
827 2204 942 2259 imbecil-

188 2288 260 2347 litate
269 2283 482 2341 ratiocinationis.
493 2277 660 2346 intelligentia
674 2276 786 2330 bumana
798 2276 946 2340 tricaeque

606 285 652 343 oe
667 278 923 344 consolatione
943 268 1179 334 atticosohtttAE
1193 266 1258 324 uto.
1279 265 1311 320 l.

896 407 900 413 ·
955 389 982 448 Α
1029 378 1240 437 eaimiecillitate
1253 372 1567 442 itrtelliqentioehrrmatrae,
1588 371 1673 429 ditias
1685 371 1786 445 laturo-

1733 262 1788 320 ΒΜ

1028 469 1087 506 rum
1096 450 1234 506 liberarunt
1247 443 1371 517 praenotio
1385 442 1502 514 negantia
1519 452 1570 499 est.

1030 542 1107 613 Quod
1133 541 1157 598 si
1179 542 1205 596 in
1232 537 1390 609 corporibus
1410 537 1569 602 sentiendis.
1588 538 1788 610 quamuisall·

993 639 1066 693 ciaat
1080 645 1094 674 ⁸
1113 636 1290 690 iustrumenta
1311 646 1438 687 sensuum
1460 627 1478 668 i
1499 628 1648 688 lorinsecus
1671 631 1786 704 objectae

994 725 1148 796 qualitates,
1165 721 1301 792 animique
1315 721 1419 791 agentis
1430 720 1548 792 rigorem
1561 719 1652 791 passio
1664 724 1786 794 corporis

995 815 1147 882 antecedat,
1160 815 1259 884 quaein
1277 829 1307 869 se
1320 821 1410 870 actum
1425 812 1525 870 mentis
1550 822 1690 885 prouocet,
1710 813 1786 871 exci-

996 915 1088 978 tetque
1101 905 1209 962 iuterim
1224 904 1394 976 quiescentes
1414 903 1577 961 intrinsecus
1591 904 1691 961 lortnas
1702 921 1710 961 :
1721 907 1744 962 si
1757 909 1785 963 la

995 997 1154 1061 sentiendis,
1166 996 1286 1066 inquam,
1295 993 1334 1067 (5)
1345 994 1503 1065 corporibus
1518 995 1530 1026 e
1542 995 1649 1050 animus
1661 1011 1713 1051 non
1724 1011 1786 1068 pas·

996 1090 1074 1146 sione
1088 1087 1240 1159 insignitur,
1256 1086 1303 1142 sed
1319 1101 1352 1142 ex
1365 1100 1413 1140 sua
1426 1085 1452 1141 ri
1464 1084 1613 1155 subiectam
1627 1087 1786 1158 corporiq'u-

995 1181 1068 1237 dicat
1078 1181 1242 1252 passionem,
1257 1187 1358 1248 quamn
1371 1178 1456 1247 magis
1468 1191 1501 1233 ea
1511 1192 1571 1246 quae
1588 1187 1600 1217 ⁰
1614 1179 1718 1234 cunctis
1728 1194 1786 1236 eor·

996 1287 1095 1344 porum
1114 1269 1300 1325 allectionibus
1325 1267 1447 1323 absoluta
1465 1276 1539 1331 sunt,
1562 1266 1588 1323 in
1607 1267 1786 1324 discernendo

996 1378 1051 1419 nou
1073 1362 1179 1432 objecta
1201 1361 1368 1416 extrinsecus
1388 1369 1547 1430 sequuntur,
1564 1359 1612 1416 sed
1626 1368 1715 1417 actum
1729 1376 1786 1419 suae

996 1455 1095 1510 meotis
1109 1451 1275 1522 expediunt?
1288 1449 1302 1488 ἅ
1316 1451 1372 1506 llac
1390 1451 1481 1520 itaque
1501 1451 1606 1508 ratione
1622 1451 1786 1524 multiplices

996 1545 1163 1618 cognitiones
1175 1544 1289 1600 dirersis
1303 1558 1335 1599 ac
1344 1542 1531 1599 differentibus
1543 1557 1651 1600 cessere
1661 1545 1787 1602 substau-

996 1638 1053 1693 tiis.
1066 1636 1124 1710 (lb)
1144 1639 1154 1669 ¹
1172 1635 1274 1693 Sensus
1287 1637 1360 1691 onim
1371 1636 1446 1691 solus
1460 1637 1565 1693 cunctis
1580 1637 1640 1694 aliis
1651 1640 1789 1710 cognitio·

996 1728 1076 1785 nibus
1098 1727 1253 1795 destitutus,
1272 1726 1455 1783 immobilibus
1478 1729 1660 1784 atrinraatibus
1682 1731 1765 1788 cessit
1776 1745 1793 1788 :-

996 1819 1164 1890 qualessunt
1174 1819 1287 1875 conchae
1300 1819 1392 1882 maris,
1402 1833 1517 1890 quaeque
1529 1819 1584 1873 aba
1594 1821 1667 1875 saxis
1682 1820 1800 1878 haaren·-

968 1925 973 1932 ’
997 1912 1206 1968 banutriuntur.
1216 1910 1372 1981 imaginatio
1383 1926 1447 1967 tero
1459 1911 1603 1968 mobilibus
1614 1912 1720 1975 belluis.
1731 1913 1806 1984 qus·

996 2002 1046 2058 bus
1057 2002 1112 2071 jam
1127 2002 1219 2058 inesse
1231 2001 1361 2072 lugiendt,
1382 2002 1559 2072 appetendive
1573 2002 1671 2073 aliquis
1681 2003 1802 2060 uidetur.

995 2092 1118 2148 adactus.
1135 2091 1213 2147 ilatio
1235 2106 1301 2147 tero
1315 2091 1423 2146 humaui
1439 2098 1541 2147 tantum
1558 2094 1666 2162 generis
1679 2101 1732 2162 est,
1748 2093 1789 2150 sl·

995 2184 1050 2241 cuti
1066 2183 1250 2255 intelligentta·
1262 2183 1318 2240 sola
1330 2184 1413 2239 dirini
1425 2201 1433 2238 ε
1446 2199 1499 2255 quo
1511 2183 1541 2239 lis
1555 2193 1584 2238 ιιι
1599 2183 1702 2256 (lblea
1715 2185 1788 2242 noti·

999 2277 1037 2333 tia
1052 2279 1157 2334 caeteris
1172 2286 1292 2349 praestet,
1308 2292 1369 2349 quas
1381 2285 1393 2316 ⁶
1404 2285 1500 2347 suapte
1511 2284 1606 2332 natura
1632 2293 1686 2334 non
1704 2278 1806 2335 modo.

778 2397 780 2400 ⁴
821 2395 1112 2455 niteatuutatto.

153 2495 266 2550 accitam
277 2506 483 2558 somniorumque
493 2489 675 2544 etresmetrtir:
688 2496 714 2540 ut
723 2502 780 2540 cum
793 2487 877 2540 lauteri
889 2503 945 2540 oer-

154 2566 222 2618 lterat
235 2564 333 2626 catalos,
349 2575 392 2617 aut
416 2578 464 2614 soc
477 2562 577 2614 insonat
591 2560 695 2611 corilus
709 2558 822 2611 :driade
843 2558 880 2610 cis
896 2557 944 2610 illo

153 2646 221 2688 ment
232 2647 389 2697 scanrmota,
400 2635 533 2699 cartseretts
542 2630 637 2695 speeies
649 2629 698 2683 sibi
712 2628 865 2681 inritascttttt
875 2628 944 2694 ejur-

154 2706 222 2758 atodi
246 2707 370 2771 stratibus,
392 2703 449 2758 site
467 2701 608 2772 speciebus
631 2697 792 2762 adventitiis,·
810 2697 942 2768 conjoaqil

157 2787 287 2829 otrastae.

189 2855 203 2884 ⁸
218 2846 333 2917 ltrqana.

1032 2488 1048 2529 b
1065 2488 1239 2544 Extrinsecus.

1033 2561 1081 2613 ‘A
1096 2575 1232 2630 corporum
1244 2558 1394 2612 comanertio
1410 2556 1489 2612 libero
1500 2568 1571 2613 roal.
1601 2622 1602 2625 Ἰ

1031 2626 1045 2665 ⁶
1062 2629 1119 2684 llos
1131 2636 1206 2684 orado
1219 2628 1406 2684 diuatriareltur
1417 2630 1517 2683 diuersa
1525 2632 1611 2684 inruat
1619 2629 1801 2701 cognoscendi

995 2715 1099 2822 Mendai
1115 2783 1189 2850 raom
1203 2768 1335 2849 propriam
1353 2769 1486 2827 cacteris
1501 2768 1792 2842 coquitianihurrabie·

994 2849 1062 2893 clam
1074 2849 1206 2894 materiam
1218 2849 1338 2910 percipit.

985 2951 1032 3008 Ε.

188 3051 235 3107 26.
257 3050 483 3118 llacastepiciens
506 3043 674 3118 magleolo]
698 3023 742 3101 tlt.
771 2949 985 3128 Pitilosopbirjtog
995 3045 1112 3114 deliniri,
1131 3046 1201 3100 sicul
1215 3062 1231 3102 a
1247 3046 1277 3102 S.
1299 3046 1367 3116 bug.
1389 3038 1538 3100 dellttilur:
1558 3045 1650 3100 Passio
1671 3050 1788 3119 wrporir

154 3123 271 3178 declarat
289 3122 351 3189 quid
372 3122 417 3176 sit,
430 3119 609 3175 sentiendum.
636 3116 754 3171 Printutn
771 3115 878 3184 quidem
892 3130 944 3171 trist
996 3133 1041 3189 per
1060 3118 1171 3186 reipsam
1185 3132 1237 3170 aon
1250 3118 1332 3171 lateas
1345 3116 1457 3170 animant
1469 3132 1479 3170 .·
1492 3116 1564 3171 untle
1586 3131 1683 3171 sensus
1702 3120 1791 3190 accipi

155 3208 232 3248 ruens
248 3194 360 3244 lrtrnrana
375 3190 591 3243 inibi-maratana
605 3188 722 3257 ileo,qoi
737 3200 789 3240 nou
803 3186 890 3240 tnintts
904 3193 946 3241 est
998 3195 1086 3256 polest
1100 3186 1254 3253 dupliciter,
1272 3186 1398 3240 nitnirum
1413 3187 1583 3253 inadequate,
1602 3196 1632 3240 ut
1646 3187 1794 3255 loquuntur

154 3262 213 3332 ejus
235 3273 382 3329 praeceptor
407 3275 485 3327 qoam
510 3258 644 3320 conditor.
670 3256 764 3312 eadem
791 3269 867 3310 meus
893 3270 946 3310 non
997 3256 1167 3327 philosophi,
1182 3267 1314 3324 quatenus
1337 3270 1377 3310 est
1397 3257 1483 3327 passio
1498 3257 1632 3328 carparis:
1647 3259 1795 3327 quomodo

154 3343 246 3402 posset
260 3344 533 3400 cogrtoscere,neqtre
546 3326 704 3397 generatim,
730 3325 947 3395 trequesiogula·
996 3328 1241 3391 sensosrqeritm
1261 3327 1288 3380 in
1315 3325 1406 3381 bestiis
1420 3327 1519 3392 etiam;
1545 3334 1574 3382 et
1595 3326 1739 3395 adaquare,
1761 3339 1793 3386 ut

154 3403 213 3462 titii:
231 3417 282 3454 nou
306 3410 395 3468 posset
419 3398 689 3462 dividere,delinire,
705 3404 752 3451 aut
772 3397 798 3449 in
824 3397 945 3449 ordinem

154 3473 293 3540 redigore;
309 3471 407 3525 nnllam
435 3469 515 3523 etiam
542 3467 652 3522 baberet
672 3481 791 3520 normam
805 3465 944 3520 veritatis:

155 3542 371 3609 quandoquidem
397 3541 453 3592 baec
479 3540 566 3592 omnia
582 3547 644 3591 sunt
669 3546 715 3590 aut
737 3537 857 3605 ingenita
872 3537 946 3590 notio

155 3609 202 3666 bet
224 3614 267 3679 qai
289 3623 336 3676 eat,
358 3619 404 3664 aut
424 3610 530 3678 quiriani
544 3606 675 3673 ejusruodi
699 3607 816 3662 notionis
829 3605 944 3660 modus:

155 3691 296 3804 Propterea
312 3681 364 3734 lrtcc
374 3680 524 3748 satellicieas
535 3679 616 3746 maala
632 3679 705 3746 lotrqe
716 3693 793 3730 causo
808 3675 945 3744 potentior.

168 3753 256 3805 lcitrde
270 3751 362 3804 eadem
379 3764 466 3813 meus,
482 3756 511 3802 ut
523 3758 583 3818 pote
592 3761 651 3814 quac
665 3757 706 3800 cst
717 3746 837 3815 corporis
850 3748 944 3810 forma,

155 3819 214 3888 ipo
234 3836 348 3887 corpore
372 3828 508 3874 commoto
536 3818 616 3871 etiam
642 3817 756 3871 allicitur
783 3816 946 3871 sentiendo:

156 3905 253 3945 sertsus
265 3892 349 3955 enim,
360 3889 474 3944 docetote
487 3888 516 3945 S·
529 3888 676 3957 Augustino
697 3886 715 3941 l.
730 3888 764 3941 de
775 3887 872 3953 Qtrant.
888 3901 946 3949 aa..

157 3975 181 4016 e.
196 3961 241 4024 25,
256 3970 297 4015 est
309 3961 394 4029 pastio
406 3963 520 4023 corpor-ir
536 3974 581 4026 per
604 3958 713 4026 reipsam
726 3974 777 4011 aaa
797 3957 879 4010 latens
891 3959 948 4010 ani-

156 4045 243 4083 mam:
258 4031 356 4084 idcireo
371 4031 490 4097 procedit
507 4032 621 4082 tacitanr
639 4028 698 4081 uitta
719 4028 747 4081 in
767 4041 872 4097 corpore
885 4041 947 4097 paa-

156 4101 217 4154 ria:
230 4101 274 4155 ubi
288 4101 444 4154 observabis
455 4098 524 4152 bano
538 4112 642 4163 rocem,
655 4099 750 4169 passio,
768 4112 820 4150 narn
835 4110 896 4150 esse
910 4098 946 4150 ita

156 4170 344 4233 l.atitram‚sed
361 4171 492 4238 aptiorem
504 4168 602 4222 nullam
620 4183 680 4222 esse
694 4167 727 4220 ad
746 4163 947 4236 siguilicandatn

156 4241 227 4293 banc
254 4240 434 4309 Philosophiae
459 4240 657 4305 capitationem.
684 4237 729 4293 Sic
753 4238 799 4291 lua
825 4235 890 4289 uibil
906 4246 949 4291 est

158 4310 229 4362 aliud
245 4326 324 4377 quma
345 4321 433 4363 irrasos
447 4310 541 4363 oculia
563 4309 621 4362 sole
634 4318 680 4360 aut
695 4308 784 4376 aliquo
799 4307 851 4360 alio
866 4305 947 4360 simili

157 4381 419 4441 corporccmnmoti;
434 4387 566 4434 corrrinoto
580 4379 658 4430 oculo
674 4391 772 4432 nortus
787 4379 848 4431 laiac
860 4375 892 4428 ad
904 4391 949 4430 ce·

156 4448 264 4502 rebrtrm
278 4465 361 4518 usque
378 4450 521 4517 productus
542 4459 678 4507 ritaretur;
698 4448 769 4500 uude
788 4455 910 4500 movetur
921 4454 948 4499 el

156 4520 373 4583 cerebrumque
389 4528 461 4572 moto
482 4520 538 4584 ipsa
562 4532 637 4571 mens
665 4519 777 4571 cerebro
800 4514 946 4584 prasertim

156 4589 300 4654 conjuncta
315 4591 348 4641 ita
368 4599 561 4651 corporaretur,
577 4598 607 4640 ut
618 4602 670 4641 non
686 4585 766 4640 modo
779 4587 885 4648 scirtiat,
899 4586 946 4640 sed

157 4657 237 4711 etiarn
251 4662 349 4713 uideat.
364 4659 494 4712 Sicetiatu
508 4672 555 4709 coa
568 4666 719 4710 commovet
744 4672 827 4710 aures.
840 4656 948 4710 Postre-

157 4742 202 4779 mo
217 4730 448 4782 lttettscottletttts
478 4729 546 4780 iratae
568 4727 654 4780 ideam
678 4727 862 4789 adventitiam,
886 4739 946 4779 cum

157 4797 239 4863 priori
257 4797 313 4849 idea
341 4800 441 4859 irritata,
457 4806 527 4850 tarrta
543 4797 664 4850 libertate
686 4796 798 4866 judicat,
821 4807 849 4849 ut
863 4796 948 4862 possit

158 4883 211 4920 nrm
238 4871 317 4920 modo
339 4869 451 4932 jtttrgere
475 4878 691 4927 cottseutaueas.
715 4876 741 4920 et
763 4867 947 4920 ditscntaneas

158 4949 300 5002 separare,
322 4953 414 4992 ventat
436 4938 516 4992 ctiam
538 4953 644 4992 otntiettt
668 4939 849 4991 assensionem
868 4935 948 4989 susti·

158 5020 233 5060 nete.
305 5058 307 5062 ,

194 5076 204 5107 ¹
224 5077 332 5130 Animus
356 5095 407 5130 oon
431 5079 548 5148 passiano
572 5075 731 5147 insignitam}
753 5074 810 5128 'lali
835 5074 950 5139 scillcet,

159 5146 229 5213 quali
244 5161 341 5214 corpus
354 5163 413 5202 cum
425 5150 514 5201 arrium
527 5148 698 5214 coniunctum
711 5146 861 5214 insignitur,
875 5146 949 5200 uide-

159 5215 224 5269 laret
239 5217 334 5286 ligura,
355 5221 455 5286 quiete,
476 5228 503 5273 el
522 5228 606 5282 tuoto,
622 5216 718 5286 quibus
732 5217 837 5270 etiarnsi
852 5230 949 5284 corpus

158 5285 301 5350 alliciatur,
318 5303 370 5341 non
388 5299 529 5357 propterca
550 5304 626 5344 mens
638 5286 762 5341 allicitur.
778 5287 831 5341 Sed
846 5285 873 5339 id
895 5300 949 5340 uon

159 5359 259 5420 altstat,
282 5360 345 5425 quin
371 5374 447 5412 mens
469 5361 610 5413 sentiendo
633 5359 739 5412 ‹licamr
754 5358 824 5425 pati,
841 5366 950 5410 auctore

158 5424 219 5494 ipso
234 5428 394 5492 Aristotele;
410 5438 542 5495 tqttatetuts
554 5428 679 5483 uidelicet
693 5443 744 5481 noo
757 5430 818 5481 lutet
829 5434 948 5493 mentem,

160 5513 252 5564 corpur
268 5500 340 5564 pati:
355 5501 425 5552 sicut
439 5501 518 5555 docet
532 5499 563 5555 S:
578 5503 690 5565 August.

998 3397 1076 3452 aiunt
1088 3395 1169 3452 iidem
1184 3395 1351 3467 pbilosopbi;
1364 3406 1557 3466 quatenusest
1572 3397 1659 3468 patrio
1675 3401 1795 3466 corporis

998 3484 1043 3538 per
1056 3468 1166 3537 reipsam
1186 3483 1237 3520 aaa
1261 3468 1344 3521 latens
1359 3468 1471 3520 arriataor
1482 3483 1493 3522 .·
1506 3480 1559 3537 qua
1580 3467 1683 3524 ratione
1697 3481 1805 3524 sensus.

997 3537 1081 3590 solius
1096 3537 1213 3591 bominis
1226 3548 1266 3591 est
1279 3554 1286 3590 ι
1300 3538 1398 3605 quippe
1408 3538 1452 3605 qui
1467 3537 1542 3591 solus
1556 3546 1662 3592 coastat
1682 3553 1715 3592 ex
1728 3552 1792 3594 cor·

998 3621 1065 3676 pore
1078 3619 1107 3660 et
1120 3617 1219 3663 urente.
1239 3606 1364 3662 Secundo
1386 3616 1477 3662 noster
1491 3617 1585 3662 auctor
1601 3609 1675 3672 ponit
1688 3624 1794 3663 reolum

997 3677 1078 3731 etiarn
1094 3678 1202 3747 proprie
1215 3677 1314 3732 dictum
1328 3678 1356 3731 in
1368 3677 1472 3742 bestiis,
1488 3691 1549 3732 curn
1566 3677 1616 3739 boc
1631 3689 1719 3732 tamen
1733 3679 1793 3735 dis·

998 3746 1124 3808 crimine.
1146 3756 1173 3800 ut
1195 3749 1221 3801 ia
1241 3746 1353 3802 conubis
1367 3749 1403 3801 sit
1416 3761 1504 3801 scasas
1518 3746 1575 3801 sine
1588 3748 1794 3816 imaqinatioue:

998 3817 1025 3871 ia
1042 3817 1136 3872 bestiis
1150 3813 1295 3873 mobilibus
1306 3815 1386 3872 etiam
1400 3817 1549 3888 imaginatio
1562 3816 1620 3871 sine
1631 3819 1746 3886 ratione,·
1755 3819 1794 3874 si·

998 3899 1043 3942 cat
1065 3888 1091 3941 in
1113 3889 1219 3942 bomine
1239 3902 1340 3950 sensus,
1357 3887 1518 3959 imaginatio,
1532 3896 1555 3941 et
1569 3889 1646 3951 tutio,
1669 3889 1716 3942 sed
1731 3889 1806 3947 siue

998 3956 1178 4027 intelligentia,
1193 3971 1274 4027 quam
1295 3958 1362 4013 dicit
1379 3957 1460 4011 diuini
1474 3957 1585 4028 pencris.
1608 3957 1654 4022 bl,
1671 3959 1804 4026 inquam„

999 4029 1123 4081 sireneos
1136 4034 1177 4081 est
1191 4029 1219 4082 iu
1228 4027 1350 4089 cantabis,
1364 4040 1413 4082 cur
1424 4038 1477 4080 non
1490 4029 1517 4081 iu
1531 4026 1626 4082 iisdem
1642 4027 1722 4083 luerit
1731 4028 1801 4084 iura·v

998 4098 1116 4169 qinotio?
1129 4112 1190 4152 cum
1203 4113 1294 4152 remos
1308 4106 1336 4151 et
1355 4096 1506 4166 iinagiaatio
1521 4112 1576 4152 non
1591 4097 1725 4164 dilieranl,
1739 4099 1804 4156 nis'i

998 4167 1070 4236 quod
1085 4183 1174 4222 reoror
1187 4180 1236 4221 suo
1251 4167 1363 4235 quilibet
1388 4181 1499 4236 organo.
1524 4167 1674 4235 inrapiaatia
1690 4181 1806 4241 organo·

998 4239 1145 4303 comtnuni,
1159 4236 1283 4292 videlicet
1304 4235 1418 4292 cerebro
1440 4235 1613 4305 perficiatur:
1628 4239 1698 4310 quoti
1713 4255 1792 4296 cera·

999 4306 1076 4362 brom
1096 4307 1176 4362 etiam
1191 4308 1218 4362 ln
1233 4307 1345 4362 conchis
1358 4311 1487 4362 occurrit.
1502 4307 1530 4362 Si
1549 4309 1699 4391 imaginatio
1713 4309 1794 4366 luerit

1000 4379 1026 4431 in
1039 4377 1098 4431 aliis
1112 4377 1216 4442 bestiis,
1235 4392 1262 4432 v.
1278 4391 1305 4447 g.
1319 4378 1345 4431 in
1359 4378 1449 4444 vulpe,
1465 4392 1513 4432 cur
1528 4393 1581 4433 iton
1602 4395 1631 4434 ιιι
1655 4378 1698 4435 bis
1711 4380 1803 4437 lucrio

962 4447 1087 4531 oratio?
1100 4447 1318 4517 quandoquidem
1332 4446 1367 4501 ab
1380 4448 1421 4501 bis
1437 4448 1550 4517 pluritna
1562 4451 1639 4515 liunt,
1651 4449 1684 4503 atl
1698 4465 1758 4516 quae
1768 4450 1799 4506 si¹

999 4518 1150 4571 necessaria
1173 4518 1253 4573 luerit
1270 4516 1392 4585 quaedam
1411 4517 1540 4587 cognitio,
1563 4528 1590 4573 et
1602 4533 1645 4573 am
1664 4518 1709 4573 illa
1732 4535 1794 4589 quae

998 4602 1087 4642 tensos
1102 4597 1214 4643 vocatur
1235 4595 1263 4641 et
1284 4587 1444 4658 imaginatio,
1462 4595 1537 4641 certe
1551 4588 1619 4642 ratia
1641 4593 1793 4645 necessaria
1824 4613 1827 4618 ·

999 4657 1063 4720 erit,
1085 4658 1135 4711 boc
1149 4666 1191 4712 est
1213 4669 1372 4725 progressus
1385 4658 1575 4719 cognoscentis
1588 4673 1603 4710 a
1618 4659 1691 4712 uotis
1705 4658 1738 4714 ad
1753 4660 1794 4730 ig·
1826 4685 1829 4708 ;

1000 4736 1072 4781 uota.
1089 4727 1118 4782 Si
1130 4726 1245 4797 denique
1257 4727 1322 4780 ratio
1335 4725 1414 4780 luerit
1423 4725 1450 4780 in
1466 4725 1583 4793 immine,
1597 4738 1625 4782 ut
1634 4742 1728 4784 resera
1739 4735 1793 4796 est',

998 4811 1047 4851 cnr
1062 4810 1117 4850 non
1133 4798 1159 4849 in
1173 4799 1268 4851 eodem
1288 4796 1568 4867 interitiatelliqentia?
1582 4812 1642 4852 cnm
1657 4799 1793 4856 aslianna

1000 4867 1036 4920 sit
1058 4866 1117 4922 siue
1139 4867 1251 4935 judicio,
1263 4881 1313 4921 trac
1323 4865 1454 4933 judicium
1466 4866 1527 4920 sino
1541 4869 1719 4939 intelligentia.
1735 4869 1794 4927 illst

1003 4946 1090 4990 tamen
1103 4936 1237 4990 nominata
1256 4937 1430 5006 intelligentia
1446 4936 1617 5009 l'ltilosopbia
1629 4939 1794 4997 volueritiu·
1823 4962 1826 4996 :

1001 5007 1084 5076 talligi
1099 5011 1236 5063 notionem
1252 5021 1266 5060 a
1283 5009 1355 5061 nitito
1369 5017 1506 5077 acceptant
1520 5017 1547 5063 ot
1567 5009 1718 5064 inlinitam:
1734 5008 1794 5067 baec

1001 5077 1072 5131 enim
1087 5077 1261 5148 intelligentia
1274 5077 1357 5132 solitis
1375 5077 1422 5133 Dei
1435 5088 1486 5132 cst.
1502 5077 1593 5132 Tertio
1607 5079 1665 5134 llaec
1679 5094 1712 5136 eo
1726 5079 1796 5138 libe·

1001 5149 1059 5202 rius
1072 5150 1233 5217 nitrasmms,
1246 5148 1316 5218 quod
1332 5147 1365 5202 ad
1382 5157 1542 5218 praesentem
1554 5148 1736 5216 Philosophia
1748 5149 1802 5207 de·

1002 5220 1225 5274 incastrationem
1243 5218 1309 5274 nibil
1327 5217 1439 5283 iaciunt:
1456 5219 1514 5274 sire
1533 5221 1605 5274 enim
1622 5219 1716 5275 bestiae
1729 5235 1795 5291 pro-

1004 5289 1061 5354 prie
1075 5290 1192 5343 sentiant
1207 5290 1264 5344 sire
1284 5305 1353 5354 non:
1370 5290 1450 5347 tsodo
1461 5304 1530 5345 unus
1546 5289 1628 5344 bomo
1642 5290 1750 5356 sentiat,
1765 5290 1794 5346 id

1001 5358 1066 5411 satis
1076 5358 1126 5412 erit
1138 5363 1169 5411 ad
1179 5359 1444 5415 animadvertendum
1455 5361 1603 5417 discrimen
1617 5359 1801 5430 ordinarique·

1002 5427 1202 5495 praedictorum.
1225 5429 1355 5483 Similiter
1373 5430 1494 5499 quamtis
1516 5432 1599 5487 barno
1617 5429 1808 5500 intelligentia.

1001 5495 1145 5566 alliciatur,
1157 5497 1331 5568 intelligentia
1345 5506 1434 5555 umen
1444 5499 1544 5565 (lirina,
1560 5507 1590 5556 ut
1603 5511 1666 5569 pote
1677 5499 1805 5569 indulta„

195 5569 205 5598 ¹
226 5567 344 5641 Sensus]
359 5571 442 5638 Aliter
455 5571 562 5639 quidem
574 5570 725 5638 judicamus
739 5565 773 5622 da
786 5581 883 5632 sensu;
899 5563 950 5619 ali·
1002 5566 1205 5636 intelligentiam
1219 5571 1363 5624 humanam
1375 5570 1412 5624 ila
1426 5578 1544 5638 superat,
1567 5578 1598 5626 ut
1615 5584 1675 5640 quse
1694 5569 1794 5626 itrlcll's·

160 5641 202 5716 ιιι
216 5648 308 5693 noster
319 5649 432 5694 atrctor:
448 5641 495 5695 scd
509 5639 560 5695 boc
575 5640 640 5695 allii
655 5637 717 5694 lacit
730 5638 763 5691 ad
780 5651 898 5706 prossus
910 5636 951 5692 in·
1001 5635 1091 5718 gentio
1107 5638 1223 5694 lntmaua
1237 5638 1296 5709 capi
1312 5653 1365 5693 non
1388 5645 1511 5712 possum,
1534 5640 1594 5699 bae
1617 5636 1803 5716 intelligentta*

160 5715 293 5765 stitutum.
310 5708 398 5766 Primo
417 5711 488 5766 enim
511 5712 588 5766 nobis
611 5723 706 5767 sensus
726 5709 831 5765 videtur
852 5706 951 5764 dobere
1001 5707 1091 5765 dtrrm
1104 5717 1178 5768 reete
1192 5706 1465 5778 comprehendantur.
