3906 6180
264 454 495 529 Huslcammnas.

266 549 375 620 saltent}
388 548 469 616 Quasi
481 545 562 610 dicat,
577 544 695 600 Tametsi
709 552 806 600 caetera
827 558 870 599 mo
892 542 1019 601 deserue-

227 645 292 711 rint,
308 643 391 698 liusae
401 651 490 697 tamen
506 639 580 695 nullo
593 646 697 695 terrore
710 653 726 693 a
740 652 785 696 me
794 636 913 693 abstrahi
925 647 1022 708 potue·

227 744 298 795 runt.
315 734 360 791 Sic
374 732 452 789 Ouid.
467 734 494 787 in
508 747 536 787 tv
549 731 677 787 'lristium
691 749 699 785 ε

290 834 331 886 lle
340 848 439 947 quoque
450 833 519 885 tlusa
531 833 595 884 ierat
606 833 677 883 Ponti
690 832 742 883 loea
750 832 818 893 iussa
829 836 967 897 petentem.

320 896 376 947 Soa
387 908 472 947 comes
483 902 571 946 nostre
582 896 689 959 perstitit
700 894 739 944 illa
750 896 823 959 ingre.

216 984 221 993 ·
290 956 347 1009 Sola
359 970 405 1009 nec
418 959 515 1007 insidits
526 959 600 1015 inter,
611 968 659 1006 nec
668 956 751 1006 militis
762 970 860 1019 ensem,

322 1020 375 1071 llec
383 1033 462 1083 mare,
473 1033 521 1071 nec
530 1026 625 1081 rentes,
633 1018 823 1083 Barbarumque
833 1020 913 1071 timet.

227 1118 378 1190 Subdllqne
389 1133 442 1175 non
454 1118 537 1174 multo
552 1127 613 1188 post
626 1134 635 1172 t

290 1224 351 1276 lure
361 1222 421 1275 deas
432 1224 507 1285 igitur
519 1234 625 1274 veneror
636 1222 698 1271 mals
709 1228 791 1273 nostra
802 1220 924 1283 levantes,

320 1286 440 1341 Sollicitas
451 1287 554 1337 comites
565 1298 596 1335 et
609 1283 729 1335 llelicone
740 1284 815 1348 tuque,

290 1346 323 1399 Et
342 1350 420 1399 ›artlm
432 1346 531 1412 pelago,
544 1346 631 1409 partlm
642 1346 746 1407 uestigia
758 1352 844 1409 terrae,
929 1392 936 1401 ,

321 1364 367 1461 lei
377 1418 430 1461 rate
439 1410 561 1473 dignatos,
570 1407 611 1458 tel
620 1408 685 1471 pede
695 1414 777 1459 nostra
786 1408 868 1471 sequi.

267 1500 369 1576 Gloria]
380 1502 527 1575 llepctatur
549 1500 732 1559 nominativus
744 1501 857 1572 pluralia
871 1499 1021 1569 Camoenm,

227 1604 258 1655 ut
270 1595 305 1654 sit
319 1593 460 1666 appositio,
474 1591 621 1662 dammum,
634 1592 719 1664 gloria
731 1590 818 1648 iellcls
832 1600 862 1648 ει
873 1590 969 1647 viridis
982 1592 1026 1661 ju·

229 1698 320 1747 sentae
334 1688 409 1755 olim,
430 1686 559 1743 Solantur
572 1700 644 1741 nunc
665 1699 727 1743 mes
739 1684 792 1741 iata
815 1684 905 1742 moestl
929 1686 1023 1741 senis:

227 1782 282 1839 hoc
294 1787 346 1845 est,
362 1778 447 1835 llttsae
460 1791 521 1849 qne
531 1774 597 1833 mibi
609 1774 676 1833 olim
690 1789 744 1832 non
759 1776 889 1833 mediocri
903 1785 930 1832 et
942 1789 1024 1831 orna·

228 1883 322 1931 mento
336 1880 364 1929 et
377 1870 468 1927 decori
489 1870 612 1940 luerunt,
635 1868 736 1941 pariter
758 1876 814 1924 tum
827 1868 952 1939 intenta,
968 1878 1024 1925 tum

228 1966 298 2025 ltetls
311 1964 424 2022 iortunae
435 1960 604 2019 annuentibus
612 1959 737 2031 ilorenti,
748 1974 819 2016 nune
833 1960 916 2017 rebus
928 1958 1025 2015 adter-

229 2060 269 2115 sis
291 2054 585 2129 perturbatqalilicto,
611 2063 639 2112 et
663 2063 726 2111 ante
748 2054 896 2127 legitimum
919 2063 1025 2125 tempus

229 2148 325 2206 dolore
350 2144 571 2215 contemnenti,
599 2145 812 2203 consolationem
837 2143 962 2202 aderunt.
987 2145 1024 2201 ti.

227 2238 333 2298 ‘follirs
345 2239 372 2296 ln
396 2238 520 2295 oratione
534 2252 583 2309 pro
596 2237 717 2295 Archia:
736 2257 746 2291 t
763 2235 830 2293 llam
851 2246 968 2307 eaeterte,
984 2237 1026 2292 in·

228 2334 298 2407 quit,
314 2348 358 2390 res
371 2346 459 2402 neqae
469 2339 619 2402 temporum
643 2338 721 2395 sunt,
746 2343 834 2401 neque
844 2337 953 2385 etatum
967 2344 1025 2387 om-

228 2427 325 2494 nium,
351 2439 441 2494 neque
464 2424 595 2481 locorum.
615 2421 681 2479 ilec
706 2420 793 2479 studia
814 2420 1025 2479 adolescentiam

228 2525 321 2590 agunt.
339 2524 507 2573 senectutem
522 2513 677 2581 oblectant,
694 2513 827 2570 secundas
844 2526 888 2569 res
908 2522 1023 2579 ornant,

229 2609 354 2667 adversis
368 2607 517 2681 perinqium
541 2620 573 2662 ac
592 2605 717 2662 solatium
738 2603 874 2676 praebent,
890 2602 1025 2660 delectant

231 2702 324 2769 domi,
348 2715 400 2758 non
427 2698 577 2772 impediunt
598 2698 675 2767 ioris,
697 2705 857 2770 pernoctant
870 2696 1023 2766 nobiscum,

231 2794 449 2867 peregrinantur,
461 2791 651 2849 rusticantum»

265 2886 328 2943 ileu
342 2885 398 2955 [ata
408 2886 491 2941 mesti
502 2881 581 2957 senis]
596 2881 741 2940 Laurentio
755 2881 883 2948 vallensi,
894 2881 941 2953 qui
956 2896 1024 2939 unus

229 2978 351 3039 omnium
363 2978 397 3036 de
409 2976 503 3035 Latina
518 2976 610 3048 linqua
624 2976 710 3033 multo
722 2974 838 3039 meritus
852 2983 894 3031 εει
907 2973 1024 3045 optime,

227 3070 289 3131 lieo
302 3070 386 3127 boetii
408 3067 507 3127 locutio
530 3067 576 3123 vis
592 3064 740 3122 tolerabilis
759 3064 875 3134 videtur,
898 3078 932 3121 eo
953 3065 1024 3137 qnod

227 3161 398 3235 participium
428 3159 498 3216 dealt
513 3178 520 3214 s
534 3156 605 3230 quod

228 3254 373 3311 dllbculter
386 3250 554 3315 subauditur,
567 3256 630 3319 pota
645 3247 719 3316 iacti,
732 3255 762 3303 nt
776 3247 813 3303 sit
822 3260 928 3303 sensus.
943 3244 1026 3303 liure

229 3348 353 3405 solantur
366 3359 438 3402 nunc
452 3357 512 3399 mea
525 3341 593 3407 iata,
607 3341 654 3413 qui
677 3340 713 3397 ob
727 3340 843 3397 iortnnte
858 3339 1025 3410 iniqultatem

228 3443 317 3502 iactus
332 3457 391 3501 sum
414 3452 526 3499 moestus
546 3453 639 3496 senet.
662 3439 695 3494 Et
708 3437 761 3495 boc
774 3436 895 3506 estquod
906 3436 1025 3508 subiicit.

265 3532 388 3607 inopina]
402 3532 430 3589 ld
445 3541 503 3601 est,
519 3530 655 3604 inopinata
677 3538 818 3597 senectus,
838 3538 868 3585 ει
879 3543 939 3601 quse
951 3528 1026 3586 olan·

229 3627 320 3684 ettlum
335 3624 402 3681 mlbl
415 3624 541 3695 opinione
556 3622 637 3678 citius
650 3620 779 3692 obrepsit.

226 3738 230 3743 ’
272 3716 343 3774 Venit
354 3714 503 3790 properata]
516 3715 575 3773 ilos
586 3723 638 3782 eat,
651 3728 765 3789 propere
776 3723 803 3772 et
815 3714 971 3773 festinanter
983 3714 1026 3771 in·

229 3808 321 3866 dueta.

266 3898 356 3974 italis]
370 3899 494 3968 liecest,
508 3899 544 3957 ob
562 3898 634 3956 mala
656 3907 685 3956 et
703 3874 825 3958 tortunae'
836 3900 1022 3957 adversitates.

229 3988 370 4048 lassemur
392 3989 502 4062 septimi
527 4004 616 4048 casus.
631 3990 707 4063 hpnd
724 3991 865 4048 Erasmum
889 3990 1025 4062 sinqularc

227 4082 419 4140 nostrisaecnli
432 4082 526 4150 decus,
552 4084 723 4155 proverbium
747 4095 803 4149 est,
829 4084 898 4141 llala
918 4084 1024 4141 senium

230 4176 393 4243 secelerant,
409 4174 581 4247 desumptum
594 4193 628 4233 es
642 4177 690 4233 illo
703 4176 846 4235 ilomerico
863 4195 870 4233 :

292 4271 389 4336 Quippe
398 4274 622 4337 repentebomines
630 4274 746 4337 consque
754 4252 873 4337 malisque
882 4278 1023 4326 senescunt.

176 4394 183 4409 .
230 4356 341 4415 ovidius
355 4359 383 4414 in
396 4358 528 4431 primodo
539 4359 648 4415 Pontos

293 4458 334 4511 lle
346 4473 444 4524 qnoque
454 4461 567 4512 debilitat
578 4463 658 4512 series
668 4462 785 4513 immensa
799 4461 916 4527 laborum,

323 4523 388 4573 bute
400 4536 484 4573 meum
494 4530 594 4588 tempus
604 4536 678 4588 cogor
688 4530 716 4575 ει
727 4537 783 4575 esse
794 4536 883 4577 senex.

266 4614 382 4673 AEtntem
401 4611 485 4688 asom]
497 4614 680 4673 Senectutem.
696 4616 731 4673 lit
744 4619 817 4674 enim
830 4619 939 4690 iuventa
952 4588 1063 4677 leti-D

230 4712 286 4779 tim,
299 4713 338 4769 sic
348 4712 451 4768 doloris
461 4721 526 4767 astas
536 4720 579 4767 εει
592 4720 727 4767 senectus.

266 4801 451 4876 intenpestiva]
463 4802 532 4859 Ante
539 4802 640 4873 justum
653 4812 758 4873 tempus
772 4805 838 4860 nati.

270 4894 382 4968 Vertite]
396 4894 448 4950 Per
466 4894 603 4959 verticem,
620 4894 647 4949 in
662 4895 759 4965 eapite.

267 4985 344 5059 Cani]
359 4984 449 5056 Capilli
460 4986 531 5042 cani.
546 4983 669 5041 Valerios
683 4985 791 5040 diatim.
807 4985 854 5043 tib.
868 5002 907 5042 tt:
922 4986 1023 5044 Puber-

228 5077 590 5137 taseanissnumhonorem
604 5075 743 5132 reddebat.
1004 5143 1007 5147 7

267 5169 364 5245 Effera]
379 5170 487 5227 iliribns
501 5169 643 5237 exhausto,
659 5179 687 5226 et
700 5169 735 5227 ob
746 5168 828 5227 animi
839 5169 961 5227 dolorem
974 5170 1023 5227 de·

230 5264 346 5324 bilitato.

268 5357 341 5416 itan
353 5357 484 5413 heminam
498 5355 572 5431 [elie]
586 5356 620 5415 llt
646 5357 728 5414 animi
749 5357 896 5429 perturbati
924 5356 1022 5425 bomo',

231 5458 306 5507 tolus
318 5467 353 5507 ex
368 5451 473 5508 lorium
486 5450 597 5523 pendet,
613 5451 680 5507 citra
692 5466 769 5524 cujus
781 5466 935 5510 successum
950 5467 1023 5510 mor·

230 5552 286 5601 tetn
299 5544 383 5617 magis
395 5560 474 5617 quam
489 5545 572 5601 vitam
582 5553 666 5615 optat.

193 5678 204 5689 .
268 5635 484 5693 llersisominom
497 5637 570 5710 [elis]
591 5638 708 5696 subaudi
720 5648 772 5696 εει.
786 5640 901 5711 Felices,
925 5642 1020 5713 inquit,

232 5732 432 5791 semihomines
448 5734 616 5806 quibuscum
640 5736 744 5791 iortuna
758 5746 897 5805 permanet
918 5745 947 5793 et
958 5738 1021 5805 rita,

230 5820 332 5895 ittaque
354 5825 516 5895 recedente,
537 5827 640 5899 pariter
659 5826 761 5887 dnitur.
784 5830 958 5888 Antisthenes
978 5831 1023 5889 iile

546 336 720 400 ntltbblx
733 336 781 398 hb
799 333 921 397 lithos
940 332 985 392 bb
1003 332 1264 398 cobsdbtitoiit
1283 338 1533 401 Philosolillm.

1030 449 1189 526 &Cynicus
1208 466 1318 527 rogatus
1331 458 1457 528 quidnam
1476 456 1547 525 apud
1571 454 1693 513 homines
1707 462 1780 512 esset
1801 452 1868 513 ben-

1814 330 1869 391 883

1072 550 1125 605 tius
1137 565 1144 605 :
1159 548 1293 615 Felicem,
1305 549 1408 621 inquit,
1424 548 1503 607 mori.

1109 639 1246 713 limitibus]
1262 639 1426 699 Fortunatis.

1109 729 1213 804 inserit]
1229 731 1366 798 immittit,
1381 734 1488 802 ingerit.

1109 822 1217 897 hestia]
1244 824 1458 884 notaminibus
1480 827 1600 897 mmstis,
1625 827 1652 885 id
1670 839 1713 886 est
1731 830 1868 889 tristibus.

1073 910 1281 971 llariminianus
1296 930 1349 973 non
1363 917 1474 975 omnino
1484 922 1696 979 contemnendus
1708 932 1788 994 poeta
1803 940 1812 979 r

1136 1004 1239 1117 oasam
1250 1007 1311 1058 dura
1323 1010 1414 1071 premit
1425 1012 1527 1061 miseros
1536 1013 1642 1065 conditio
1652 1016 1717 1066 ritae.

1189 1081 1218 1119 εε
1228 1082 1294 1120 ιεειε
1304 1070 1408 1121 humano
1419 1075 1530 1133 subiacet
1541 1075 1653 1139 irnperio.

1134 1128 1212 1181 llulce
1224 1133 1287 1181 mori
1298 1134 1402 1193 miseris,
1417 1141 1443 1185 tt
1453 1148 1518 1185 mors
1528 1143 1609 1199 optata
1621 1138 1727 1199 recedit,

1166 1193 1265 1243 iteum
1277 1196 1354 1245 tristis
1365 1198 1423 1258 erit,
1437 1200 1582 1261 precipitata
1594 1201 1671 1251 venit.

1073 1277 1166 1335 Obiter
1191 1278 1235 1334 his
1255 1279 1282 1334 in
1305 1280 1429 1337 versibus
1453 1283 1568 1338 notanda
1587 1284 1719 1351 secunda,
1739 1284 1868 1343 dictionh

1074 1370 1205 1441 conditio,
1221 1371 1334 1442 syllaba,
1346 1388 1406 1445 quae
1426 1374 1538 1432 licenter
1561 1377 1688 1447 producta
1710 1386 1763 1435 est.
1783 1378 1869 1436 litor

1074 1470 1164 1521 autem
1184 1464 1285 1521 sciolos
1304 1466 1436 1537 quosdam
1452 1466 1530 1524 Gallo
1547 1478 1634 1540 poete
1654 1470 1756 1542 llirqilii
1779 1471 1869 1529 smieo

1075 1559 1191 1629 elegias,
1206 1573 1266 1628 quse
1277 1560 1459 1618 blasiminiani
1473 1569 1556 1629 sunt,
1574 1563 1610 1620 ob
1624 1562 1765 1621 levicolam
1778 1568 1869 1637 suspi-

1076 1650 1181 1706 cionem
1196 1650 1326 1711 tribuere.
1343 1652 1440 1710 Verum
1450 1654 1484 1711 ds
1498 1654 1550 1711 boc
1561 1654 1628 1712 alias
1642 1656 1732 1714 latius.

1114 1740 1174 1798 ileu
1187 1741 1237 1797 hess
1251 1760 1328 1815 quam
1338 1743 1429 1815 sarda]
1444 1744 1502 1803 lleu
1521 1746 1635 1803 dolentis
1649 1758 1692 1805 εει
1704 1747 1869 1820 interiectio,

1038 1832 1145 1897 Bsicut
1167 1836 1349 1908 probatissimi
1367 1840 1534 1910 grammatici
1551 1839 1659 1899 docent.
1674 1841 1751 1899 Eben
1774 1843 1869 1903 latina

1076 1928 1161 1986 dictio
1183 1944 1238 1986 non
1250 1940 1293 1988 cst
1307 1948 1315 1985 ι
1331 1931 1403 2004 quod
1428 1933 1486 1988 sola
1509 1935 1625 2004 partiunt
1644 1936 1772 1993 orationis
1787 1937 1870 1994 inter·

1074 2022 1158 2094 jectio
1181 2041 1316 2095 nunquam
1342 2028 1519 2097 componitur,
1539 2028 1586 2085 sed
1608 2029 1791 2100 geminatione
1801 2031 1869 2090 iacta

1076 2114 1237 2184 dicendum,
1255 2116 1306 2174 heu
1320 2117 1384 2175 hen.
1396 2119 1540 2176 Tibullus:

1122 2237 1126 2243 -
1139 2209 1195 2261 ileu
1207 2209 1266 2271 ben,
1277 2210 1393 2262 dit-itibus
1404 2212 1475 2263 rideo
1487 2212 1598 2277 gaudere
1609 2212 1712 2279 puellas

1075 2293 1148 2352 idem
1160 2311 1169 2352 z

1167 2386 1277 2439 Ferreus
1287 2392 1335 2450 est,
1346 2387 1466 2452 heuheu,
1478 2391 1588 2455 quisquis
1598 2391 1624 2441 ln
1635 2390 1697 2441 urbe
1707 2394 1801 2441 manet.

1075 2461 1211 2528 laren'itnr
1222 2479 1250 2527 ει
1259 2471 1358 2542 heheu,
1368 2481 1437 2529 ιεειε
1451 2473 1571 2533 Perotto.
1582 2476 1674 2532 Potest
1684 2484 1712 2531 ει
1724 2488 1821 2531 sersus
1830 2474 1870 2533 sie

1075 2574 1149 2622 recte
1174 2564 1226 2636 leqi
1243 2582 1251 2621 :
1271 2561 1330 2620 lieu
1349 2580 1428 2636 quam
1451 2567 1542 2623 surda.
1570 2566 1678 2623 Servios
1699 2568 1870 2625 insecundo

1076 2658 1206 2716 AEneidos
1217 2659 1411 2716 commentario
1428 2677 1435 2714 ε
1450 2661 1507 2717 lleu
1519 2660 1600 2716 modo
1616 2669 1658 2717 est
1675 2675 1725 2715 una
1748 2661 1869 2733 syllaba,

1075 2752 1123 2809 aed
1136 2753 1269 2809 interdum
1283 2763 1393 2825 propter
1407 2764 1521 2811 metrum
1531 2754 1592 2810 due
1606 2754 1687 2818 hunt,
1700 2763 1729 2810 ut
1742 2763 1800 2821 est,

1136 2844 1193 2896 ileu
1205 2857 1277 2909 qnam
1290 2846 1374 2909 pingui
1385 2858 1468 2896 macer
1479 2852 1517 2898 est
1528 2846 1587 2896 mihi
1598 2853 1683 2897 murus
1693 2846 1718 2897 in
1729 2858 1797 2898 amo.

1110 2928 1869 3004 temtitsrbpernit.aversaturmersamiserisinrocata.

1112 3023 1144 3078 Et
1155 3026 1243 3094 {lentes
1258 3022 1356 3097 oculos]
1374 3022 1473 3079 ordina
1488 3023 1541 3089 sic,
1558 3023 1591 3079 bt
1608 3038 1677 3079 susa
1692 3032 1765 3079 mors
1778 3032 1869 3095 negat,

889 3155 894 3167 .
914 3156 920 3169 .
1075 3114 1129 3173 hoc
1143 3125 1201 3184 eat,
1224 3132 1277 3173 non
1299 3116 1448 3189 permittit,
1464 3118 1577 3172 miseros
1597 3116 1725 3184 subaudi,
1743 3116 1870 3173 claudere

635 3168 726 3213 ”men
754 3170 816 3213 meo
836 3154 940 3227 lumem
955 3154 1025 3211 baud
1039 3204 1063 3270 G
1079 3210 1175 3268 dentes
1189 3211 1292 3266 oculos.
1304 3211 1357 3266 hut
1370 3209 1443 3265 hunc
1461 3209 1488 3265 ln
1502 3208 1627 3276 modum,
1643 3208 1719 3265 Stena
1734 3223 1809 3263 mors
1819 3222 1870 3264 ne-

1077 3313 1123 3377 gat
1138 3303 1242 3369 dentes,
1258 3306 1310 3361 boc
1330 3311 1383 3370 est,
1397 3302 1520 3360 borsines
1534 3302 1569 3359 ob
1584 3302 1663 3373 bolus
1684 3302 1746 3357 vitm
1756 3302 1869 3359 miami-

1077 3404 1160 3453 tatem
1188 3394 1380 3468 lacrymantes,
1402 3394 1528 3451 claudere
1541 3395 1649 3460 oculos,
1673 3393 1701 3450 id
1724 3405 1767 3451 est
1785 3394 1868 3451 mori.

1075 3486 1178 3546 tundit
1188 3496 1278 3545 autem
1288 3487 1322 3544 ad
1334 3494 1453 3544 veterum
1467 3502 1585 3554 morem,
1595 3500 1650 3558 qno
1663 3485 1869 3558 propinquiores

1076 3587 1244 3638 mortuorum
1256 3578 1351 3637 oeulos
1364 3577 1489 3635 claudere
1503 3579 1636 3636 solebant.
1647 3579 1675 3633 ln
1686 3578 1755 3635 libro
1764 3578 1866 3651 Tobiae,

1076 3673 1165 3746 caplte
1179 3673 1287 3739 ultimo,
1299 3673 1356 3729 brec
1368 3673 1467 3745 scripta
1482 3680 1545 3729 sunt
1558 3688 1566 3729 ε
1580 3672 1645 3729 Post
1656 3672 1757 3729 obitum
1771 3671 1869 3727 matris

1075 3779 1132 3821 sum
1142 3764 1241 3822 'lobias
1258 3764 1391 3822 abscessit
1414 3779 1447 3819 ex
1467 3762 1562 3822 lliniie
1575 3776 1637 3821 curn
1658 3779 1741 3822 osone
1763 3774 1870 3834 ana,et

1075 3855 1149 3925 dille,
1161 3865 1189 3912 et
1200 3855 1317 3914 illiorum
1325 3855 1398 3925 illlis,
1408 3865 1435 3912 et
1444 3871 1569 3913 resersus
1578 3865 1620 3914 est
1628 3857 1663 3914 ad
1672 3870 1782 3914 soceros
1791 3872 1867 3926 suos,

1075 3947 1230 4019 invenitque
1236 3962 1284 4004 eos
1297 3948 1444 4005 incolumes
1453 3947 1479 4004 in
1495 3957 1634 4005 senectute
1643 3949 1723 4018 bona,
1733 3959 1761 4006 et
1774 3964 1869 4007 curam

1076 4041 1272 4112 eorumqesait,
1283 4042 1376 4112 etipse
1387 4041 1484 4098 clausit
1494 4040 1588 4098 oculos
1600 4055 1704 4108 eornm,
1719 4049 1747 4098 et
1758 4056 1869 4099 omnem

1075 4130 1263 4189 hereditatem
1277 4131 1373 4188 domus
1389 4131 1517 4205 litquelis
1530 4133 1588 4204 ipse
1600 4133 1729 4205 percepit.
1744 4133 1870 4191 Valerius

1075 4222 1207 4280 llasimus
1226 4223 1262 4280 de
1280 4222 1394 4281 muliere
1420 4227 1523 4281 hssana
1540 4244 1546 4280 :
1563 4226 1691 4291 Filiorum
1715 4240 1812 4282 manus
1833 4228 1868 4284 ad

1076 4328 1232 4386 supremam
1244 4316 1481 4388 opprimendorum
1498 4318 1637 4375 oculorum
1654 4316 1771 4376 oidcinm
1784 4317 1870 4376 adro-

1075 4410 1156 4469 eatlt.
1173 4410 1256 4469 Silius
1265 4410 1372 4467 italicus
1387 4411 1414 4466 in
1430 4425 1500 4467 nono
1517 4429 1525 4467 s

1447 4504 1528 4567 litque
1539 4505 1564 4553 in
1576 4503 1624 4555 line
1635 4503 1744 4555 laborum

1165 4565 1218 4617 llas
1228 4566 1317 4620 tondss
1327 4566 1411 4619 oculos
1419 4566 1509 4617 dextra
1521 4578 1616 4630 precor.

1077 4653 1189 4713 Ovidius
1198 4656 1226 4712 iu
1236 4656 1315 4713 tertio
1326 4655 1361 4712 de
1372 4655 1504 4712 Tristibus
1516 4671 1523 4710 :

1137 4750 1190 4801 llec
1199 4750 1311 4801 mandata
1321 4750 1393 4807 dabo,
1404 4762 1452 4800 nec
1462 4762 1517 4799 cum
1528 4747 1635 4800 damone
1645 4760 1759 4812 supremo

1171 4812 1295 4863 labentes
1305 4812 1389 4863 oculos
1399 4812 1488 4861 ooudet
1498 4813 1574 4861 amica
1584 4824 1676 4861 manus.

1115 4892 1233 4967 usibus]
1246 4893 1426 4960 llutabillbus,
1441 4891 1530 4957 lintis,
1543 4891 1661 4948 caducis.

1113 4987 1250 5061 Mniefidn]
1266 4987 1360 5053 labda,
1371 4986 1535 5042 inconstans.

1112 5080 1232 5154 Feretri]
1244 5080 1326 5136 Deest
1339 5078 1416 5135 mihi.

1113 5176 1183 5233 llum
1197 5175 1292 5231 letibus
1307 5172 1391 5245 bonis]
1402 5172 1537 5244 Septimus
1551 5182 1630 5227 castis
1639 5177 1690 5226 est.

1112 5268 1182 5324 Perre
1196 5277 1274 5340 ceput
1284 5265 1374 5337 tta'stt'a]
1389 5264 1416 5320 ld
1426 5272 1479 5330 est,
1494 5278 1564 5335 pene
1577 5273 1792 5319 mortuuseram.

1113 5361 1222 5437 Nubila}
1237 5361 1358 5418 Obscura
1373 5358 1535 5416 etadterea.
1550 5357 1596 5414 Sic
1610 5355 1744 5411 Ouidius:

1137 5455 1259 5518 Tempora
1270 5453 1291 5504 sl
1302 5450 1396 5503 luerint
1405 5449 1499 5512 nubila,
1511 5448 1578 5500 solus
1590 5449 1648 5499 eris.

1079 5524 1082 5531 Ι
1114 5546 1246 5624 lnqrotus]
1261 5545 1421 5617 lnjucundas
1437 5563 1443 5598 :
1460 5541 1675 5627 subaudiendum
1689 5539 1765 5596 milti.

1113 5644 1201 5714 impia
1215 5638 1276 5712 sita]
1290 5637 1414 5696 Crudelis
1427 5637 1455 5693 in
1469 5652 1514 5693 me
1525 5635 1653 5692 miserum
1671 5634 1740 5691 mori
1760 5633 1870 5706 copien-

1076 5750 1142 5801 tem.
1155 5737 1264 5795 Publius
1275 5732 1473 5805 lilmoqraphas
1488 5750 1496 5766 ·

1143 5832 1224 5887 0ritt
1234 5831 1325 5885 misero
1335 5826 1417 5893 longa,
1427 5826 1541 5880 telletum
1551 5826 1643 5879 breria.
