3906 6180
137 297 189 357 aba

137 413 155 467 1
206 402 541 479 lelunlssolsereglaude.

208 501 266 556 Nou
281 497 407 554 Bacchica
421 512 530 554 munera
546 505 640 553 nerent

209 588 321 657 Liquido
338 586 503 642 conlaudare
517 585 611 655 melle,

210 678 288 750 ιω
299 678 353 732 Nec
366 677 452 733 lueida
467 674 565 730 uellera
577 676 672 730 Serum

208 772 289 841 'l'yrio
304 771 419 825 miseere
431 783 545 823 terreno.

591 296 635 352 1111
653 293 909 354 consotmtons
928 291 1166 351 PlllLOSOPlllAE
1186 292 1249 350 bill.
1270 294 1292 351 ll

931 409 956 488 a
970 399 1004 456 lb
1039 403 1153 459 Somnos
1164 405 1244 460 dabat
1255 407 1336 462 herba
1347 405 1489 471 salubreis,

1042 493 1136 549 Potum
1147 510 1256 565 quoigue
1266 498 1384 568 lubrious
1394 498 1490 560 annuis,

1044 581 1157 638 Umbras
1169 584 1296 639 altissima
1309 589 1395 655 pinus.

1047 670 1122 743 1ss
1137 673 1259 729 Nondum
1272 674 1353 731 ruaris
1367 678 1419 731 altu
1435 677 1557 744 secubat,

1045 762 1100 818 lise
1112 767 1244 820 mercibus
1256 767 1372 837 uiridique
1387 768 1472 831 lectis,

800 893 1095 952 INTERPRETthO..

137 998 215 1063 dono,
225 995 373 1067 permiscere
381 1007 440 1049 curn
448 993 521 1048 nreiie
528 993 626 1062 plaido,-
637 1007 716 1061 neqne
725 991 828 1057 inpane
837 988 914 1042 ianas
961 987 1085 1053 tamum,
1097 1005 1176 1054 nenne
1186 995 1343 1060 pmegnnns,
1356 996 1621 1067 opibus-undequaque
1631 998 1754 1066 quesitis,

137 1067 258 1126 cotidiene
268 1065 524 1132 Sernmpopulorum
539 1076 753 1129 sueeopurpureo
766 1059 839 1127 Tgri.
850 1056 917 1111 Gra·
968 1070 1133 1127 conspexerat
1143 1077 1202 1115 oras
1214 1073 1273 1116 ente
1284 1065 1393 1128 ignotas.
1408 1065 1479 1118 Tnnr
1494 1084 1591 1119 cornna
1608 1069 1669 1120 belli
1695 1083 1754 1119 errr-

137 1153 193 1188 men
207 1137 295 1189 iisdem
309 1134 432 1187 tribuebat
445 1148 561 1201 soporem
573 1132 756 1200 salutiferum:
776 1129 868 1198 flnoins
883 1126 916 1180 li·
964 1125 1038 1185 o‘eiin
1049 1125 1165 1192 silebant,
1183 1147 1227 1184 ner
1245 1137 1348 1202 suingeis
1361 1137 1480 1203 grauibus
1494 1136 1631 1189 inimicitiis
1646 1135 1753 1201 effusus,

136 1207 227 1273 auidas
253 1205 384 1260 tribuebat
404 1203 547 1270 potionem,·
570 1202 642 1271 pians
661 1216 765 1267 procera
784 1194 918 1251 tribuebat
969 1208 1143 1260 consperserat
1157 1214 1230 1255 arma
1242 1204 1368 1255 horrenda
1380 1219 1390 1256 .·
1403 1220 1481 1272 guare
1500 1209 1590 1257 etenim
1604 1209 1643 1257 ira
1656 1207 1756 1258 bosdlis

136 1275 246 1328 nnrbras.
259 1272 384 1328 Nondum
394 1273 463 1326 ullus
473 1272 553 1326 homo
566 1271 695 1324 scindebat
709 1271 769 1323 uari
779 1281 849 1321 mare
859 1280 919 1333 pra·
970 1271 1088 1318 tentasset
1101 1268 1217 1335 oprimis
1231 1273 1281 1326 iiiii
1297 1277 1453 1340 temporibus
1469 1285 1578 1327 tractore
1599 1275 1683 1327 uilem
1702 1280 1755 1344 ser·

885 1391 1001 1450 NOTAE.

1027 1504 1067 1555 llil
1080 1509 1125 1557 nisi
1136 1509 1287 1583 desederet,
1299 1516 1348 1568 leni
1359 1519 1490 1581 precordia
1503 1521 1579 1570 mulso

136 1592 264 1647 mendane
279 1594 367 1644 cibum
388 1590 483 1658 prioris
507 1588 578 1642 illius
597 1591 694 1645 ret-rtis.
710 1582 918 1658 bletilssllfflffi
995 1647 1000 1658 ,
1031 1566 1263 1660 ΡΓΨΒΠΉΜῙΜ·

135 1679 166 1715 ea
189 1677 248 1729 qrrae
269 1671 386 1714 nostram
412 1659 482 1712 inter
495 1667 523 1711 et
547 1659 660 1724 priscani
676 1655 762 1706 victus
776 1660 917 1730 ‘rationem
969 1645 1036 1726 lirae
1048 1659 1128 1704 etiarn
1140 1651 1249 1710 Asinius
1260 1656 1345 1712 Pollio
1355 1661 1530 1714 centesimum
1546 1660 1679 1715 excedens
1690 1668 1753 1713 reta·

135 1732 308 1784 ursimadverti
321 1737 431 1796 possunt
442 1726 607 1790 discrimina,
622 1737 732 1792 qnorum
748 1721 799 1772 aba
814 1716 847 1797 ad
861 1727 919 1783 ipsa
969 1721 1004 1769 trs
1018 1732 1128 1783 anirum,
1149 1735 1210 1777 curn
1224 1726 1258 1779 ab
1271 1729 1389 1793 Augusto
1404 1731 1510 1796 hospite
1524 1738 1664 1794 rogaretur
1688 1745 1753 1798 gua·

134 1801 232 1854 ribaria
247 1815 256 1864 ;
271 1800 320 1851 alia
342 1799 374 1852 ad
400 1798 494 1850 horum
511 1795 619 1849 modum
634 1795 776 1861 pertinent.
799 1787 916 1840 Primum
932 1800 1029 1865 Bnam
1055 1791 1171 1846 maxime
1191 1794 1297 1850 ratione
1311 1798 1384 1852 illurn
1399 1800 1520 1867 corporis
1535 1800 1669 1869 animique
1681 1803 1754 1868 vigo·

170 1525 198 1580 5.
217 1521 323 1589 ieiunia
344 1520 440 1573 sonere
459 1517 575 1601 glande]
593 1515 636 1571 lll.
656 1510 825 1578 Philosophia
839 1519 915 1562 eam-

134 1871 205 1923 onim
219 1881 309 1922 nosue
320 1867 419 1921 cibario
434 1866 564 1931 exquisita
579 1877 639 1918 esse
652 1864 739 1915 solem
754 1866 782 1912 et
794 1866 852 1911 arte
869 1869 917 1935 pa·

136 1950 192 1991 ruta
205 1953 213 2002 ;
228 1939 314 2006 prisca
326 1945 403 1989 erant
416 1936 504 2004 [acilio
518 1945 543 1989 et
562 1935 596 1986 ub
609 1929 668 2000 ipsa
684 1940 775 1983 tratura
791 1926 917 1994 suppedi-

134 2017 200 2062 rata.
213 2007 314 2061 Deinde
325 2015 413 2059 nostra
428 2005 529 2058 cibaria
549 2002 703 2070 [requenter
725 2007 877 2077 sumuntur,
891 2002 917 2049 et

135 2079 232 2145 sepius
247 2076 319 2128 nulio
334 2074 476 2142 instigante
487 2073 557 2127 inme
574 2089 579 2124 :
603 2071 687 2141 prisea
710 2083 763 2122 nun
785 2080 835 2119 ursi
858 2071 919 2134 post

134 2149 232 2216 iejnrrio
242 2160 326 2212 eaque
342 2160 400 2197 sera
411 2144 469 2198 sire
484 2140 519 2195 ud
536 2142 658 2195 ultimum
674 2154 757 2205 usurre
771 2138 843 2189 diens
860 2148 917 2188 ser-

136 2229 206 2268 surn.
233 2216 371 2269 Postremo
393 2221 484 2266 nostra
508 2211 612 2266 cibaria
630 2225 689 2263 esse
710 2208 798 2260 solent
812 2218 916 2284 aarum,

135 2287 220 2355 pisces
248 2292 274 2336 rt
295 2285 424 2352 optimum
448 2282 571 2350 rguudque
595 2281 727 2332 irrrutuuui
752 2284 918 2329 terrestrium

135 2370 216 2418 periris
229 2371 236 2406 ε
249 2355 333 2421 prisce
346 2352 549 2421 erantgiamies,
558 2349 673 2417 ignobile
688 2348 790 2414 lrugurn
806 2343 917 2411 sulgon

135 2424 202 2494 quod
218 2424 337 2492 plurilms
360 2422 420 2476 aliis
438 2436 498 2475 euru
522 2431 671 2482 orariirnrn,
694 2427 749 2471 tum
779 2424 917 2482 poetarum

136 2495 294 2549 testimoniis
308 2491 461 2545 ciiulirmuri
477 2498 575 2558 potest.
587 2488 681 2555 virgil.
696 2501 704 2538 ι
719 2485 831 2551 Georg.,
847 2497 871 2535 ι.
883 2480 917 2535 8:

195 2581 325 2633 Chaoniam
337 2581 421 2642 pingui
434 2578 549 2640 glandem
561 2578 662 2626 mutarit
673 2577 755 2624 aristo.

137 2663 170 2716 Et
182 2679 207 2715 ι.
223 2661 275 2717 ihi
287 2681 294 2716 ι

194 2753 364 2814 &aeneaque
376 2751 463 2801 imnem
479 2753 504 2802 iu
515 2752 582 2802 siluis
591 2750 704 2801 solabere
712 2763 815 2812 quercu.

135 2836 273 2893 Lueretius
289 2836 307 2888 1.
321 2850 355 2888 r·

196 2926 347 2978 Glandileras
357 2927 421 2974 inter
432 2925 549 2974 curabunt
556 2934 657 2985 corpora
669 2934 803 2984 quarens...

195 2990 239 3038 Ast
257 2987 338 3036 odium
347 2988 421 3049 ooepit
432 2985 535 3047 glandis.

135 3068 265 3124 0ridiusr
280 3068 397 3132 hetam..
408 3065 461 3121 iub.
478 3067 505 3133 3,
519 3080 546 3119 r.
563 3063 632 3126 illd:
728 3118 730 3122 .

197 3159 358 3219 sententious
368 3158 431 3206 olbis
440 3157 507 3207 nullo
519 3163 625 3218 cogente
636 3159 734 3217 erratis,

194 3221 318 3270 Arhmeoa
327 3217 351 3268 ie
356 3227 394 3268 tus
401 3228 562 3280 moniumque
571 3218 639 3280 lragu
649 3215 775 3279 legebant,

196 3282 333 3343 (oraeque,
343 3291 369 3330 et
380 3283 403 3329 in
415 3283 482 3328 duria
494 3279 613 3328 herensis
625 3291 690 3327 mara
702 3280 807 3339 rubetis,

194 3343 226 3394 Et
235 3355 290 3404 uuae
300 3342 444 3392 deciderant
456 3340 535 3403 patula
542 3339 611 3390 lovis
621 3341 709 3388 arbore
721 3341 832 3400 glandes.

136 3425 203 3480 iiiuc
218 3424 296 3495 primi
309 3423 430 3477 homines
441 3421 784 3493 vocabanturdaimopbpsr
794 3417 920 3495 nnlbdps-

136 3497 221 3560 πότιιι,
245 3494 347 3564 glandis
370 3494 460 3546 edeam
482 3501 507 3545 et
528 3507 601 3561 aqua
614 3499 715 3561 potores
730 3506 739 3543 .·
755 3491 817 3543 hine
839 3491 919 3543 etiarn

135 3564 268 3619 corumuui
293 3563 386 3631 adagio
399 3562 547 3631 antiquitus
558 3562 696 3616 dicebatur
711 3558 865 3635 diederada,
876 3575 920 3613 sn-

136 3649 167 3690 us
199 3650 296 3688 nereus.

171 3652 199 3760 δᾳ.
216 3703 279 3759 Non
294 3701 421 3755 bacchica
435 3698 562 3771 montrera]
578 3699 622 3756 ll.
640 3698 810 3767 Philosophia
825 3698 920 3752 aremi-

137 3774 176 3828 nit
189 3783 266 3840 potus
280 3787 369 3827 aureae
389 3771 460 3825 iilius
475 3771 572 3835 nutans,
593 3785 672 3839 iguem
691 3769 761 3823 dicet
775 3782 852 3823 versu
867 3784 919 3822 un·

136 3845 237 3898 decimo
252 3843 332 3897 luisse
347 3856 455 3910 aquarn,
472 3838 567 3893 Potum
580 3856 678 3911 qnoque
688 3840 801 3893 lubricas
814 3839 920 3891 amnis:

137 3913 206 3967 unde
218 3912 356 3982 praemittit
370 3915 419 3964 hoa
431 3921 535 3966 veteres
547 3926 597 3965 nee
615 3927 705 3963 virium
719 3907 845 3962 Bncehier
860 3924 919 3961 aas·

136 3999 205 4047 nera,
216 3997 265 4037 nec
275 3982 388 4035 mulsum
399 3981 485 4033 uinum
500 3981 574 4033 mette
583 3981 684 4033 mistnm
695 3982 810 4033 nouisse.
825 3977 918 4032 Vinum

137 4055 206 4105 enim
222 4052 319 4106 dieitur
332 4064 429 4104 munus
444 4049 551 4113 bacehi,
566 4050 637 4117 quiid
657 4051 797 4118 Dionysius
811 4048 865 4102 riui
876 4049 919 4102 in·

137 4132 229 4177 ventor
239 4121 325 4176 dietus
338 4121 417 4176 luerit
428 4119 545 4173 bessinus
560 4120 617 4174 sire
631 4119 716 4181 innare
725 4119 758 4173 ab
768 4118 917 4190 inni,quud

137 4194 281 4247 clamorem
302 4202 392 4254 riotut;
415 4192 475 4259 quiin
500 4190 568 4243 iurte
589 4192 678 4244 riuum
698 4190 731 4243 ad
758 4189 919 4258 loquendum

138 4262 262 4328 primurn,
276 4261 372 4315 dennis
386 4259 467 4313 etiarn
483 4260 698 4314 adclamantium
722 4269 830 4328 potores
848 4261 921 4316 enci·

137 4332 290 4386 tctllorai.
301 4330 387 4397 Epist.
405 4330 422 4382 l.
437 4346 456 4397 i,
470 4327 542 4396 ene
557 4346 562 4380 :

199 4423 260 4481 Ouid
272 4434 319 4471 uoo
333 4422 440 4471 ebrietas
450 4421 580 4482 designati
591 4431 676 4484 operia
685 4422 797 4485 recludit,

197 4485 261 4545 Spes
269 4485 339 4544 jubet
348 4496 403 4532 esee
415 4490 480 4532 ratus
490 4496 496 4533 :
505 4485 529 4530 iu
540 4485 620 4545 prelia
630 4484 705 4535 trudit
713 4487 831 4534 inermem
843 4500 849 4533 :

195 4545 313 4594 Sollicitis
324 4545 408 4593 animis
419 4558 480 4593 onus
492 4546 578 4594 eximit
590 4558 596 4593 :
612 4545 714 4595 addocet
724 4553 797 4596 artes.

197 4605 306 4655 Pecuudi
316 4606 404 4656 calices
413 4619 490 4668 quern
499 4619 547 4654 nun
558 4606 642 4655 l'eeere
653 4607 792 4658 disertuui‘l

136 4688 246 4745 ilulsum
261 4701 350 4743 autem
363 4699 412 4749 ,est
425 4691 498 4759 potio
511 4707 543 4744 ex
563 4690 625 4744 sino
644 4699 671 4744 et
689 4690 769 4746 melle
790 4692 922 4760 permistis

137 4763 223 4816 lactu:
240 4760 310 4814 uude
322 4759 422 4814 Grecis
437 4762 542 4830 οἰνόμελι
560 4770 587 4814 et
605 4761 750 4835 μελίκρατον
764 4764 921 4829 appelletur.

137 4830 266 4883 h'iruirum
280 4830 503 4897 quemadmodum
518 4831 580 4884 rino
594 4844 688 4884 reeens
710 4831 817 4884 invento
840 4847 918 4899 aqua,

137 4901 210 4969 prior
226 4901 362 4953 lioruiunnr
384 4899 466 4969 potio,
484 4900 570 4954 inlusa
585 4899 644 4966 luit,
657 4900 732 4968 juata
749 4901 814 4955 illud
829 4902 922 4973 virgi

136 4972 246 5038 beorg„
261 4986 286 5022 v.
303 4971 339 5024 9:

197 5058 337 5121 Poenisque
347 5061 453 5110 inventis
461 5060 576 5110 Acheloia
587 5062 683 5110 miscuit
695 5065 755 5111 uvis.

136 5140 181 5197 Sic
191 5152 329 5196 crescente
343 5143 468 5211 gelonem
485 5144 606 5208 libidine,
623 5144 709 5198 eidem
731 5149 793 5200 vino
807 5145 857 5198 mel
874 5145 922 5199 biit

137 5213 292 5278 innuistuni,
309 5214 365 5266 sive
379 5215 411 5266 ud
426 5215 599 5279 voluptutem,
615 5215 672 5268 sire
685 5215 808 5270 etiamad
826 5218 923 5280 produ-

136 5282 246 5335 sericiani
268 5285 369 5334 vitani:
385 5293 461 5350 potus
475 5284 572 5352 ‹griippe
590 5285 632 5335 ille
653 5300 733 5340 verius
756 5302 850 5338 suerrus
874 5300 922 5339 suu

136 5349 244 5406 lenitate
259 5352 375 5405 mulcere
391 5354 474 5406 iertur
488 5371 494 5403 :
507 5370 539 5407 ex
556 5370 609 5421 quio
630 5354 697 5407 forte
708 5372 722 5408 a
735 5358 867 5408 rrirrleenrlo
879 5355 920 5408 di·

134 5423 336 5474 citurmnisnm.
352 5421 420 5477 lline
435 5422 525 5476 ilarius
539 5424 608 5488 aliud
622 5423 758 5479 ilurutiuur
773 5426 919 5492 reprelien-

107 5531 111 5539 .
135 5489 176 5544 dit
192 5491 336 5556 nubdiuru,
358 5508 410 5545 siun
430 5494 500 5557 uuod
516 5493 568 5548 mel
590 5493 704 5548 Falerno
718 5499 855 5560 reiteraret,
872 5496 918 5549 sed

134 5562 206 5631 quud
220 5561 332 5615 Falerno
347 5570 473 5627 austero,

199 5652 307 5701 hillidius
319 5652 371 5700 lorti
383 5654 499 5702 miscebat
509 5655 579 5702 mella
592 5654 696 5706 Falerno

199 5715 328 5771 liemon,
339 5717 451 5774 quonism
465 5718 547 5764 saeuis
557 5720 710 5768 romariittere
721 5723 790 5770 ienis

970 1870 1026 1910 rem
1040 1869 1184 1927 servasset,
1202 1867 1349 1932 respondit,
1366 1868 1441 1921 intres
1455 1871 1547 1932 innisa,
1560 1872 1623 1938 {oris
1634 1870 1699 1922 oleo.

970 1994 977 2006 '
1005 1926 1031 1979 8.
1040 1925 1191 2009 Nee'lurida
1203 1934 1295 1988 reilera
1307 1936 1422 2006 Serani]
1438 1939 1468 1991 V.
1485 1937 1654 2006 Philosophia
1666 1947 1752 1991 traus-

969 1995 1042 2075 rtlad
1056 2011 1163 2079 'primas
1183 2003 1313 2071 majarum
1334 2016 1431 2072 uestes,
1451 2023 1518 2078 qrras
1536 2008 1683 2076 designarit
1706 2020 1754 2061 no·

969 2075 1078 2119 rrrruatrs
1091 2067 1197 2124 illorum
1212 2075 1277 2127 toris
1289 2085 1315 2128 et
1329 2079 1468 2130 tentoriis:
1484 2079 1546 2144 tori,
1561 2085 1638 2130 eram
1648 2076 1754 2142 herber

970 2149 1071 2189 soranos
1086 2138 1160 2191 dabat
1179 2138 1256 2194 herbo
1269 2143 1401 2212 salnbi·es;
1417 2148 1541 2211 tentoria,
1558 2146 1683 2212 arbores,
1697 2162 1755 2199 nm-

970 2204 1030 2257 brns
1054 2206 1180 2260 altissima
1204 2212 1302 2280 pinus:
1317 2217 1490 2281 quamobrem
1516 2216 1588 2284 prius
1606 2215 1684 2280 dixit,
1703 2215 1754 2270 hos

970 2283 1076 2352 ueteres
1089 2290 1143 2330 nou
1158 2283 1263 2334 novisse
1277 2295 1354 2337 uestes
1364 2286 1466 2347 sericos,
1480 2295 1526 2338 aut
1540 2298 1759 2354 purpuramque

970 2349 1145 2411 tingerentur.
1162 2348 1242 2403 Seres
1255 2366 1320 2418 ergo
1334 2365 1396 2408 sunt
1411 2355 1511 2425 pupuli,
1524 2367 1591 2420 quos
1603 2355 1672 2408 inter
1686 2353 1758 2409 duos

970 2425 1063 2491 airiues
1079 2415 1229 2485 Hydaspem
1249 2434 1275 2473 et
1290 2423 1380 2477 indum
1394 2425 1552 2478 constituros
1565 2423 1675 2479 Orosius
1687 2427 1756 2478 seri·

970 2480 1036 2561 bul.
1047 2497 1084 2544 ru.
1096 2499 1120 2538 c.
1133 2487 1320 2556 tangiudbus
1330 2494 1451 2561 quedam
1461 2493 1642 2549 suutarhores
1655 2495 1755 2549 tenuis-

970 2564 1037 2605 snna
1047 2555 1160 2621 airadum
1172 2561 1230 2611 inim
1241 2574 1344 2615 uuusrm
1355 2580 1362 2615 ι
1376 2563 1572 2630 sicutpiurimis
1583 2563 1754 2632 gravissimo·

970 2634 1029 2742 Eum
1059 2633 1195 2750 :suetorum
1219 2632 1379 2686 testimoniis
1408 2634 1554 2702 probatur:
1571 2643 1600 2687 ut
1616 2631 1754 2703 llis-gillier

994 2704 1081 2760 eorg.,
1097 2708 1122 2746 ιι.
1154 2709 1161 2724 ⁸
1198 2715 1204 2749 ε

1032 2781 1181 2848 velleraque
1193 2794 1220 2838 ut
1230 2788 1293 2840 ioiils
1303 2791 1433 2855 depectant
1444 2796 1527 2844 tenuia
1538 2794 1624 2845 Seres.

971 2864 1081 2920 Senecas
1093 2867 1120 2922 in
1130 2875 1202 2938 liet,
1215 2889 1240 2926 ι.
1258 2874 1309 2928 667
1321 2892 1328 2927 :

1032 2959 1085 3008 Nee
1096 2961 1196 3011 beonia
1210 2965 1338 3024 distinguit
1349 2979 1393 3016 acu

1033 3020 1092 3079 Quas
1101 3022 1217 3075 Phoebeis
1227 3028 1337 3076 subditus
1348 3030 1415 3078 euris

1034 3081 1106 3144 Legit
1118 3086 1218 3134 coisses
1229 3089 1364 3138 arboribus.

934 3158 1108 3224 Celesitani
1123 3184 1207 3225 carru.
1228 3173 1250 3235 l,
1263 3188 1288 3224 ν.
1305 3173 1355 3226 179
1369 3188 1378 3229 ζ

1034 3261 1144 3310 Stamina
1155 3261 1218 3324 quud
1230 3260 1294 3312 malli
1308 3264 1409 3313 tondent
1417 3263 1449 3314 de
1461 3264 1543 3327 stipite
1554 3263 1639 3315 Seres.

971 3347 1024 3402 Sed
1039 3352 1129 3418 grevia
1149 3361 1191 3404 est
1204 3353 1347 3421 disputatio
1361 3356 1395 3408 de
1412 3354 1516 3424 origine
1528 3354 1658 3423 ejusmodi
1674 3355 1754 3420 lana,

971 3433 1005 3472 au
1019 3418 1075 3472 bre
1087 3421 1121 3473 nb
1134 3422 1286 3486 arboribus,
1301 3440 1333 3477 nri
1349 3427 1436 3491 potius
1448 3440 1463 3478 a
1477 3425 1630 3481 vermiculis
1645 3425 1698 3480 illic
1708 3425 1755 3480 de·

971 3489 1112 3557 gentibus?
1125 3490 1177 3546 hoe
1191 3494 1313 3547 ultimum
1329 3496 1433 3549 videtur
1453 3495 1624 3562 probabilius,
1640 3504 1667 3550 ut
1678 3495 1756 3558 hariae

971 3561 1052 3625 byses
1071 3560 1140 3628 apud
1162 3562 1229 3616 istas
1252 3565 1372 3629 populos,
1395 3566 1477 3618 vetuti
1498 3565 1569 3632 apud
1584 3579 1634 3618 nos
1652 3579 1755 3620 stainos

972 3627 1006 3680 ab
1016 3629 1075 3682 alvu
1090 3632 1198 3696 gravida
1210 3632 1318 3686 ducunt.
1335 3634 1474 3701 Eleganter
1487 3649 1611 3703 rugosum
1627 3649 1659 3689 ac
1671 3632 1755 3688 sordi·

971 3697 1033 3751 dum
1049 3699 1121 3752 iilum
1137 3712 1252 3756 venirem
1268 3704 1407 3768 descripsit
1420 3708 1520 3774 grande
1534 3712 1632 3758 nostrae
1651 3704 1756 3759 uniter·

972 3768 1057 3822 sitatis
1067 3769 1148 3824 decus
1163 3774 1295 3827 antonius
1309 3773 1434 3841 llaileus,
1451 3774 1493 3828 bis
1506 3774 1626 3828 versibus
1642 3790 1649 3826 ι
1792 3783 1794 3786 ·

1034 3856 1077 3906 Est
1094 3859 1134 3906 olii
1146 3868 1224 3910 mater
1233 3863 1325 3921 sanies,
1338 3864 1380 3911 dat
1392 3861 1491 3911 lroudea
1503 3863 1585 3912 nutrix

1033 3918 1132 3977 Pabula,
1145 3920 1262 3982 'ihgshno
1273 3923 1355 3972 Morus
1399 3923 1457 3972 liuta
1469 3936 1565 3973 cruore.

1034 3983 1111 4037 Quieis
1122 3983 1214 4030 aridum
1224 3992 1251 4032 nt
1261 3986 1356 4032 clausus
1378 3986 1490 4034 arehroso
1502 3986 1525 4032 in
1537 3995 1636 4034 earcere
1648 3983 1714 4048 parii

1034 4038 1178 4100 inglusiem.
1190 4050 1292 4106 toroque
1304 4055 1368 4094 satur
1379 4047 1425 4107 jam
1439 4059 1541 4110 carpere
1553 4054 1647 4110 turget,

1035 4101 1134 4154 Viscera
1147 4112 1197 4154 turn
1210 4118 1313 4157 vacuans
1324 4107 1436 4172 paulatini
1452 4108 1507 4159 hine
1519 4110 1591 4160 molle
1600 4109 1687 4168 tigurat
1747 4165 1748 4168 Ἰ

1036 4165 1158 4215 Lauinium
1168 4181 1175 4226 ς
1185 4167 1341 4231 illuviemque
1352 4171 1428 4219 modis
1441 4174 1464 4217 iu
1475 4173 1559 4219 tenuia
1569 4171 1637 4218 miris

1035 4227 1083 4276 Ner
1095 4226 1142 4288 iiis,
1155 4237 1180 4277 et
1191 4236 1297 4279 teretem
1310 4232 1448 4293 glomerans
1459 4234 1576 4280 consolvit
1590 4234 1613 4279 in
1622 4231 1720 4279 orbem.

1038 4288 1137 4338 [livero
1149 4295 1266 4339 emeritus
1278 4294 1380 4350 proiecit
1391 4291 1475 4340 nubile
1488 4305 1590 4352 prensum

1036 4350 1151 4399 nranrno
1161 4352 1254 4410 similis,
1266 4356 1370 4411 pretiosa
1386 4361 1412 4399 ut
1421 4354 1530 4400 eorirlitus
1541 4365 1601 4400 urna

1036 4410 1080 4458 lile
1089 4411 1155 4470 jacet
1170 4427 1174 4458 :
1188 4419 1212 4459 ut
1224 4408 1273 4459 luci
1284 4425 1338 4459 mor
1350 4412 1474 4470 redditum
1488 4414 1563 4466 induit
1574 4413 1635 4472 alas,

982 4476 985 4480 “
1036 4471 1139 4534 lamque
1163 4475 1224 4536 aris,
1246 4480 1273 4521 et
1291 4474 1391 4531 vermis,
1414 4483 1589 4533 neutrumque,
1611 4483 1638 4522 et
1652 4475 1759 4533 denique

1526 4533 1669 4593 [monstrum
1681 4540 1728 4582 est.

975 4614 1093 4682 Purpura
1107 4623 1206 4678 alitem,
1217 4628 1269 4684 qua
1282 4620 1370 4667 restes
1381 4614 1475 4668 sericae
1489 4613 1635 4681 tinguntur,
1649 4621 1758 4669 roeaiur

975 4699 1097 4737 venenum
1118 4682 1247 4753 Tgrinm:
1261 4699 1380 4737 uenenrmr
1395 4684 1513 4751 quidem,
1535 4683 1595 4752 quia
1618 4682 1706 4750 liquor
1718 4681 1759 4740 e'st

975 4753 1105 4808 sensualia
1120 4754 1243 4816 eductus,
1260 4755 1304 4820 qui
1330 4751 1414 4816 lunias,
1439 4754 1523 4807 instar
1538 4752 1633 4805 ueneui
1656 4754 1758 4808 viscera

976 4832 1003 4877 et
1027 4836 1107 4875 renas
1128 4822 1276 4883 subeuntis.
1298 4823 1433 4890 ingressus
1457 4816 1505 4876 lias
1531 4822 1614 4874 inlicit
1631 4841 1637 4875 :
1653 4823 1760 4892 'l'grinnr

976 4906 1050 4954 uero,
1066 4891 1135 4959 qirod
1150 4891 1236 4961 Tyrus
1251 4891 1312 4945 urbs
1325 4890 1478 4956 l‘hoeuicioe,
1491 4892 1611 4956 muriciS,
1627 4895 1760 4962 predictae

976 4961 1204 5030 carralia,pisaarir
1216 4962 1427 5017 lueriteeiebris.
1436 4962 1509 5031 virg.
1517 4979 1534 5016 ιι
1544 4959 1760 5034 Georg.,s.li55:

1036 5052 1096 5101 Alba
1108 5067 1154 5103 oea
1165 5054 1262 5116 Assyrio
1272 5053 1364 5103 lineatur
1377 5052 1429 5101 lana
1440 5065 1544 5107 veneno.

1011 5137 1055 5191 15.
1076 5135 1197 5189 Nondum
1212 5137 1289 5188 risoris
1310 5135 1364 5188 aito
1382 5134 1505 5206 secabat]
1528 5135 1571 5190 vl.
1588 5137 1761 5206 Philosophia

975 5216 1167 5261 eonnneururut
1192 5222 1299 5268 arri-um,
1326 5205 1396 5273 qrrod
1421 5208 1585 5262 ruriunereio
1610 5209 1761 5272 pres-erum

976 5287 1143 5343 ‹roiripuratur
1157 5293 1163 5325 :
1177 5277 1366 5329 eorriruereirnu
1390 5284 1478 5328 autern
1505 5276 1533 5328 11ι
1557 5283 1688 5343 grraeeipue
1711 5291 1760 5343 opt

975 5345 1128 5465 lluirruluntis
1142 5349 1235 5410 inuris,
1252 5346 1285 5399 de
1296 5360 1349 5414 quo
1363 5359 1434 5399 nurse
1445 5345 1544 5413 agitur.
1561 5345 1606 5400 Sic
1621 5345 1760 5398 Lucretius

987 5451 993 5465 .
1010 5431 1045 5467 r:

1037 5506 1067 5553 bt
1077 5518 1123 5553 uon
1135 5503 1208 5553 mulla
1220 5517 1297 5553 virum
1307 5507 1353 5555 sub
1363 5507 1439 5569 signis
1450 5506 1526 5555 millis
1538 5504 1609 5553 diruta
1704 5550 1707 5554 ,
1735 5495 1736 5500 ’

1036 5566 1088 5614 Una
1100 5566 1155 5613 dies
1166 5565 1237 5613 dabat
1247 5568 1323 5616 exitio
1337 5582 1342 5616 :
1355 5582 1401 5616 nee
1411 5569 1506 5616 turbida
1520 5567 1583 5626 periti

1038 5627 1143 5688 AEquoru
1155 5626 1275 5676 ledonem
1296 5641 1372 5678 naves
1381 5631 1409 5677 ad
1419 5643 1476 5678 sara
1486 5627 1608 5688 virosque.

976 5711 1019 5766 Sic
1034 5708 1154 5764 Tibullus
1169 5709 1187 5760 l.
1200 5725 1219 5772 r,
1233 5709 1266 5762 el.
1284 5709 1321 5765 5:
