3906 6180
235 306 285 360 Dii

499 289 508 301 ’
539 307 708 366 arrepunt
727 309 773 362 tth
792 308 914 365 stultos
929 309 973 363 [tp
992 309 1248 368 CON<0thlDNE
1266 311 1512 375 anttosottttp.

1819 316 1871 373 [ild

233 426 613 495 duaspartitsuppositiones.
637 427 674 479 Ex
697 427 831 482 trucenim
851 426 1183 500 quodanimattcdttgtr
1213 448 1277 499 ergo
1304 433 1352 487 has
1372 444 1426 491 tres
1457 433 1653 503 suppositiones
1677 448 1753 487 more
1770 434 1871 488 suoab

234 517 392 571 immortalis
402 525 454 581 est,
469 518 615 585 conjuncto
637 532 698 570 cum
720 533 753 571 eo
771 517 841 586 quod
856 516 1022 586 providentia

210 592 336 680 ‘regitur
355 610 479 673 mundus,
508 609 680 677 consequitur
712 610 791 662 linctn
816 609 912 662 anitum
942 609 1023 662 Deum

234 717 307 765 esse,
323 701 373 754 ltoe
391 709 432 754 cst
445 700 647 766 beatitudinem,
664 701 786 769 adquam
803 715 818 753 a
833 699 888 755 Deo
901 699 1024 754 ordinata

232 801 284 848 ιιι.
301 791 536 861 interrogatigitur
547 793 660 860 primum
675 791 848 860 Philosophia
862 792 1024 846 Boetinman

232 883 326 940 credat
352 883 441 939 diuina
469 886 572 938 ratione
594 883 722 938 ntnudum
740 885 814 954 regi,
831 885 900 954 qnod
918 884 1025 953 quidem

232 972 362 1046 expedite·
388 975 494 1029 Doetius
513 974 641 1039 daretur,
678 976 902 1043 quemadmodum
924 975 979 1042 jam
999 974 1025 1026 iu

232 1067 358 1136 proximo
368 1067 487 1122 carmine
498 1067 643 1122 cecinerat.
652 1069 751 1122 Deinde
764 1068 893 1138 perquirit
905 1067 1026 1123 Philoso-

234 1156 295 1222 phia
310 1171 343 1209 an
359 1157 426 1211 sciat
443 1157 551 1212 Boetius
576 1159 673 1227 quibus
697 1158 885 1229 gubernaculis
911 1157 1026 1212 mundus

234 1255 352 1318 regatur.
364 1247 404 1302 nd
421 1247 492 1317 qnod
503 1247 649 1316 respondet
678 1250 723 1303 siit
750 1264 780 1304 se
795 1249 943 1318 intelligere
963 1249 1025 1318 quid

234 1336 305 1391 dicat
316 1337 488 1406 Philosophia
499 1355 507 1402 3
525 1339 616 1407 itaque
628 1354 680 1394 non
691 1339 769 1394 tacite
782 1355 861 1409 posse
872 1355 901 1395 se
910 1354 1026 1408 respon-

222 1417 299 1482 dere
313 1426 346 1483 ad
361 1427 543 1497 interrogata:
556 1444 640 1498 quare
660 1429 768 1499 subjicit
788 1431 958 1500 Philosophia
974 1447 1026 1486 non

234 1522 333 1576 mirum
356 1535 416 1578 essu
435 1523 457 1575 si
474 1525 499 1575 in
513 1537 543 1576 ea
565 1523 716 1591 ignorantia
741 1532 785 1575 aut
806 1537 899 1578 errore
922 1529 1028 1591 pertur-

235 1610 356 1666 bationes
370 1611 468 1680 aliquee
482 1612 599 1665 animum
614 1611 674 1680 ejus
687 1612 844 1667 invaserint.
871 1612 918 1666 list
936 1621 1025 1667 autem

1078 522 1170 576 ultima
1184 523 1325 592 incipiens.
1342 523 1472 590 Quoniam
1488 526 1559 579 enim
1576 523 1726 578 oblitusest
1748 525 1802 587 sni,
1819 526 1870 578 boc

1077 621 1127 677 est,
1143 614 1227 667 nescit
1240 613 1274 666 ad
1290 613 1468 669 immortalem
1479 630 1509 669 se
1520 613 1709 668 beatitudinem
1728 613 1869 677 destinari,

1077 707 1177 761 idcirco
1193 717 1319 776 tanquam
1340 712 1460 764 exsulem
1476 709 1590 764 ethonis
1611 708 1666 763 suis
1686 708 1869 774 spoliatumse

1081 796 1170 853 dedet.
1186 799 1261 866 erod
1272 800 1327 854 heri
1343 815 1394 853 tton
1408 809 1518 865 potest,
1554 814 1615 852 nam
1641 798 1787 855 immortali
1803 801 1868 856 nihil

1077 889 1190 943 tnurtnle
1203 890 1300 943 bomuo
1312 890 1355 944 nel
1379 892 1477 944 malum
1492 904 1552 944 esse
1564 898 1664 959 potest.
1678 891 1789 959 Deinde,
1808 893 1867 960 quia

1079 980 1183 1050 ignoret
1198 981 1277 1035 duem
1294 998 1394 1044 ruinam,
1408 983 1495 1047 tlecipi
1511 981 1571 1036 etum
1590 992 1619 1036 ut
1630 983 1719 1037 felices
1734 993 1810 1052 patet
1822 999 1869 1038 eos

1078 1086 1191 1140 quorum
1208 1086 1335 1140 prospera
1348 1081 1411 1126 surrt
1422 1073 1523 1126 scelera
1542 1087 1622 1136 ,curn
1638 1072 1726 1140 potius
1741 1073 1869 1128 intelicis-

1078 1161 1160 1215 simus
1174 1176 1220 1216 eos
1231 1171 1326 1231 putare
1339 1161 1460 1227 deberet,
1478 1171 1506 1214 ut
1527 1175 1595 1227 quos
1605 1162 1770 1229 gravissimae
1782 1177 1868 1227 troenae

1079 1259 1205 1306 nraneant
1229 1251 1360 1307 scelernm
1383 1266 1502 1306 suorum.
1530 1253 1680 1317 Postremo,
1703 1254 1764 1319 qnia
1795 1240 1870 1320 putet

1079 1342 1273 1409 providentiam
1294 1357 1346 1397 non
1374 1357 1435 1396 csse
1456 1358 1515 1415 qpt·
1536 1344 1664 1396 mundum
1685 1353 1774 1411 regat,
1791 1353 1868 1413 putat

1078 1433 1166 1486 omnia
1179 1433 1279 1486 incerta
1291 1442 1364 1486 sorte
1381 1442 1408 1485 et
1424 1431 1534 1485 lortuito
1550 1430 1657 1485 euerrire
1675 1447 1684 1486 ι
1700 1431 1881 1500 qui-errores¹

1078 1521 1120 1575 ad'
1131 1536 1238 1577 omanem
1255 1519 1456 1575 subversionem
1476 1527 1504 1575 ιι
1526 1520 1672 1589 perniciem
1689 1522 1790 1577 mentis
1803 1523 1869 1577 satis

1079 1612 1167 1679 magni
1180 1620 1252 1666 sunt.
1267 1614 1411 1668 hnntcota.

236 1701 278 1767 (ut
301 1715 394 1756 verum
422 1700 543 1771 dicatur}
560 1711 620 1771 post
647 1703 764 1772 priorem
791 1702 1026 1772 interrogationem
1115 1699 1239 1772 Pateria}
1253 1701 1343 1755 Patior
1357 1699 1659 1770 quandoquesiguilicat
1678 1703 1821 1769 permitto,
1841 1711 1870 1756 nt

237 1793 296 1850 hcc
319 1792 452 1864 posterior
475 1807 652 1863 superuacua,
676 1808 762 1863 neque
784 1793 891 1848 uidetur
921 1793 1027 1857 Boetius
1043 1781 1136 1854 Bhlc.
1151 1800 1179 1845 et
1191 1790 1324 1846 Cicereia
1346 1790 1488 1845 Catilinam
1507 1791 1584 1845 :Non
1596 1794 1693 1859 patiar,
1707 1808 1759 1846 non
1774 1792 1870 1857 teram.

236 1883 302 1941 satis
315 1884 458 1955 diligenter
472 1895 594 1940 naturam
607 1886 783 1956 quaestionum
808 1885 917 1939 istarum
932 1884 1029 1938 distin·
1079 1901 1131 1940 non
1143 1889 1228 1940 sinam
1241 1905 1248 1940 :
1260 1885 1420 1955 quandoque
1430 1885 1557 1955 significat
1566 1886 1721 1942 maleailrei.
1734 1887 1870 1943 luserich:

238 1975 319 2031 risse.
332 1975 399 2029 Nam
413 1977 434 2028 si
447 1976 604 2032 eorrceditur
617 1976 745 2030 mundum
768 1991 821 2030 nou
842 1975 897 2045 regi
912 1974 1028 2029 lortuitis
1104 1967 1108 1975 ’

238 2065 509 2132 mutuaenutuae
524 2067 639 2127 ratione.
649 2066 712 2136 quid
726 2080 794 2136 opus
808 2076 865 2120 erat
876 2065 973 2120 deinde
985 2063 1027 2118 in·

169 2208 172 2212 .
238 2163 376 2224 terrogare
405 2156 502 2226 quibus
524 2157 713 2226 gubernaculis
740 2156 854 2211 mundus
880 2164 1026 2225 regeretur.

238 2261 299 2303 cum
315 2255 419 2302 certum
433 2247 488 2316 jam
504 2248 538 2301 sit
553 2263 586 2302 ιιι
598 2248 681 2317 priori
695 2247 864 2303 consessione
883 2246 971 2300 diuina
985 2261 1029 2299 ra-

229 2324 324 2401 tione,
348 2337 373 2390 id
399 2346 442 2392 est
456 2336 650 2406 providentiam
666 2351 735 2402 esse,
760 2351 904 2407 perquam
929 2338 1029 2406 regitur

1184 1964 1188 1971 ’
1217 1975 1313 2025 lateris
1321 1975 1534 2037 rigtlicnrnlsbre
1544 1975 1658 2026 dolerem>

1140 2037 1166 2086 Si
1179 2049 1279 2098 erepere
1289 2038 1349 2100 pati.

1079 2119 1222 2174 terreum.

1115 2208 1234 2280 Statuml
1249 2210 1339 2265 Status
1357 2209 1623 2279 quandoquedicitur
1635 2209 1871 2281 lrabittrscorpnris

1079 2301 1105 2354 in
1120 2301 1201 2368 pedes
1214 2299 1308 2367 erecti,
1320 2308 1347 2352 ut
1363 2295 1486 2364 dicimus,
1498 2308 1592 2363 status,
1605 2300 1700 2366 sessio,
1711 2302 1869 2365 accrrlr.rtio;

239 2429 374 2482 mundus?
386 2428 457 2484 Sane
473 2430 587 2499 primum
600 2429 818 2499 interrogandum
835 2436 894 2483 erat
916 2443 949 2482 nrt
969 2443 1028 2482 cre·
1078 2392 1237 2461 “mmm
1252 2390 1384 2461 Signiam
1397 2390 1587 2445 ⁰⁰¹¹d¹¹i⁰¹¹⁶¹¹¹'
1606 2389 1714 2460 Vifssu'·

240 2521 314 2579 deret
329 2538 390 2579 esse
404 2524 485 2578 ullum
500 2523 597 2590 Deum,
610 2523 681 2591 qnod
692 2523 810 2577 nonnulli
826 2523 935 2577 omnino
949 2535 1028 2591 nega-

241 2619 330 2675 bant:
355 2620 399 2674 alii
415 2623 454 2691 (ut
471 2619 601 2689 Epicurus
623 2628 650 2674 et
669 2628 816 2672 sectatores
837 2617 890 2685 sui)
905 2616 1028 2670 dicebant

240 2726 301 2768 esse
311 2712 407 2768 Deum.
424 2713 470 2766 sed
484 2713 599 2766 otiosum
612 2720 638 2766 et
655 2726 707 2764 non
723 2717 860 2764 curantem
877 2723 919 2763 res
932 2707 1026 2761 huma·

242 2819 300 2860 nas.
328 2803 438 2874 Utrique
451 2805 530 2874 igitur
544 2803 588 2858 isti
620 2800 754 2872 ponebant
780 2800 892 2855 tortuitis
921 2799 1027 2854 casibus

242 2894 309 2964 regi,
322 2909 386 2964 ergo
398 2910 459 2948 eum
472 2894 652 2948 concessisset
676 2891 783 2946 boetius
801 2903 862 2943 esso
882 2889 975 2950 Deum,
990 2896 1023 2938 ta·

243 2998 304 3040 rnen
324 2983 510 3051 inquirendum
525 2992 583 3039 erat
605 2982 762 3055 crederetne
776 2977 941 3048 prouidentia
957 2976 1028 3030 illius

243 3073 300 3145 regi
312 3075 450 3130 trundum.
463 3075 546 3130 Nemo
561 3075 633 3129 enim
646 3075 765 3128 omnium
781 3072 906 3126 inventus
916 3079 957 3125 est
971 3069 1027 3139 qui,

246 3182 306 3224 curat
322 3168 446 3224 crederet
467 3166 551 3221 Deum
572 3165 738 3221 conditorem
756 3163 898 3231 praesidere
922 3160 1032 3223 rutunda,

244 3260 288 3330 qui
303 3268 409 3328 putaret
420 3259 535 3313 lortuitis
550 3257 657 3312 casibus
672 3272 715 3310 res
726 3255 832 3325 agitari,
845 3253 892 3308 sed
909 3251 1034 3307 credebat

245 3351 333 3407 emnia
348 3350 513 3421 providentia
527 3347 680 3418 gubernari.
699 3348 844 3402 honrocus.

1141 2482 1186 2541 Qui
1196 2488 1273 2531 status
1285 2482 1384 2542 antiquo
1397 2479 1489 2530 Latio‘l

1081 2566 1226 2620 hentcma.

1105 2640 1376 2726 curationislilurare
1384 2654 1491 2724 proprie
1499 2651 1869 2723 curamadhiberesignihtat.

1078 2747 1143 2807 inde
1155 2747 1279 2816 quoniam
1293 2747 1426 2816 praecipua
1440 2755 1481 2800 est
1490 2744 1586 2800 medici
1601 2746 1672 2800 cirea
1684 2753 1812 2814 aegrotum
1827 2760 1871 2798 sa-

1079 2837 1196 2892 nandum
1210 2849 1291 2899 cura;
1312 2849 1407 2890 curare
1419 2835 1500 2889 etiam
1520 2849 1568 2899 pro
1580 2848 1694 2897 sanare;
1711 2832 1870 2904 quandoque

1082 2941 1135 2982 non
1147 2940 1252 2989 sanare,
1265 2924 1312 2979 sed
1326 2939 1417 2978 curam
1431 2924 1551 2978 sanitatis
1570 2922 1688 2977 habere:
1704 2922 1775 2977 unde
1790 2923 1871 2977 etiam

1079 3024 1110 3071 ut
1119 3032 1171 3071 non
1186 3025 1297 3069 sanetur
1308 3030 1388 3084 mger,
1401 3014 1520 3068 medicus
1533 3028 1628 3069 curare
1645 3012 1762 3076 dieitur3
1780 3022 1870 3067 tamen

1047 3137 1070 3198 C
1086 3108 1177 3163 llorat.
1190 3110 1215 3161 in
1229 3122 1247 3160 u
1263 3104 1440 3172 epistotae:

1272 3195 1395 3256 lugeres,
1406 3195 1489 3243 radice
1499 3193 1538 3240 rel
1551 3191 1627 3241 herba

1239 3256 1385 3305 Protlricnte
1396 3254 1456 3303 nihil
1468 3255 1586 3302 curarier.

1087 3343 1177 3397 Potest
1190 3356 1253 3410 ergo
1275 3341 1362 3393 crtrari
1386 3339 1475 3393 radice
1488 3337 1553 3391 nihil
1570 3339 1741 3405 proliciente,
1764 3336 1813 3391 sed
1829 3352 1875 3389 ne·

281 3440 335 3495 Sed
349 3441 390 3492 dir
399 3440 473 3504 milri,
490 3439 636 3499 ureministi,
652 3435 725 3507 ete]
750 3435 799 3489 llic
812 3444 925 3489 ennatur
938 3434 1035 3489 elicere
1085 3448 1190 3502 quaque
1203 3431 1302 3484 serrari.
1318 3432 1462 3484 bonicum.

201 3566 205 3574 ·
247 3527 390 3585 sectrndam
398 3528 620 3596 suppositionem,
632 3541 692 3595 quac
706 3535 758 3588 est,
778 3525 913 3578 huminem
925 3527 957 3577 ad
971 3524 1035 3579 bea·

247 3615 388 3670 titudinem
415 3614 629 3684 consequendam
656 3615 753 3669 laetum
783 3628 842 3667 esse
865 3614 1036 3681 :interrogat

248 3720 312 3777 crgo
330 3704 549 3774 Philosophiana
565 3704 717 3758 meminerit
729 3701 837 3757 boetius
848 3702 908 3769 «puis
922 3703 956 3756 sit
978 3705 1037 3757 linis¹
1060 3755 1066 3767 ,

248 3812 355 3863 rerum,
368 3797 439 3867 quod
453 3796 530 3865 quale
541 3797 576 3848 sit
600 3796 705 3849 Boetius
719 3794 783 3848 dicit
797 3794 909 3849 oblitum
922 3810 952 3849 se
966 3809 1036 3849 esse.

249 3888 376 3943 ldrnrsns
384 3897 467 3943 teniat
475 3886 646 3953 Philosophia
658 3886 709 3938 alia
720 3885 920 3954 percontatione
928 3886 1036 3950 elicere,

252 3978 400 4046 quaeritque
413 3993 446 4030 an
473 3976 542 4045 quod
570 3976 604 4050 sit
619 3973 737 4028 onmium
765 3975 924 4042 principium
947 3974 1036 4027 sciat·

251 4067 296 4138 qni
309 4065 448 4135 respoudit
467 4067 550 4121 Deum
567 4081 636 4132 esse,
651 4075 679 4119 ut
702 4065 781 4133 paulo
792 4073 854 4119 ante
875 4063 951 4118 dixit.
971 4064 1040 4120 Dicit

252 4171 317 4228 ergo
330 4155 499 4227 Philosophia
517 4156 616 4209 oricum
626 4171 696 4217 esse,
712 4170 774 4210 enm
798 4154 866 4209 sciat
880 4153 1039 4222 principium

253 4246 372 4301 ontrtittm
387 4261 488 4310 rerunt,
504 4254 532 4298 nt
545 4246 624 4301 llttetn
638 4249 753 4314 ignoret.
768 4243 823 4298 lloc
837 4243 897 4297 ideo
907 4253 959 4305 est,
975 4259 1041 4319 quo-

254 4341 324 4396 niam
337 4340 408 4395 enim
419 4340 470 4395 scit
481 4338 564 4394 Deum
575 4339 732 4407 principium
748 4338 866 4391 omnium
878 4350 948 4399 esse,
962 4335 1042 4390 dehe-

255 4432 300 4485 hat
315 4432 384 4485 seire
399 4428 484 4484 Deum
497 4429 586 4482 omnia
602 4429 708 4491 iecisse,
724 4434 755 4481 ut
768 4433 859 4482 essent
875 4424 955 4489 bona,
980 4423 1040 4494 quia

1122 3519 1303 3590 Arbitrntulld
1322 3526 1364 3573 est
1387 3518 1523 3571 voluntate
1547 3516 1590 3570 rel
1611 3516 1722 3586 judicio.
1745 3517 1876 3570 Arbitrari

1088 3623 1193 3666 ueteres
1205 3612 1328 3665 ‹licelrant
1347 3611 1481 3678 inspicere
1496 3611 1537 3664 rel
1561 3610 1821 3678 cognosceremus
1836 3625 1878 3663 re·
1927 3617 1932 3624 “

1089 3705 1168 3758 mutis
1183 3703 1288 3755 arbitris
1302 3700 1373 3770 loqui
1384 3700 1491 3765 dicitur,
1506 3699 1552 3768 qui
1563 3699 1638 3754 sulus
1656 3714 1716 3754 cnm
1728 3699 1819 3769 aliquo
1834 3701 1876 3752 lo·

1089 3795 1189 3863 quitur,
1201 3805 1227 3847 et
1239 3791 1429 3860 arbiterjudex
1445 3800 1565 3844 vocatus.
1583 3791 1729 3843 donicens.

1128 3882 1237 3953 lilium]
1261 3883 1303 3936 hb
1325 3896 1379 3936 nno
1406 3880 1526 3934 nonnulli
1547 3881 1619 3934 nllus
1643 3880 1742 3932 dictum
1773 3880 1879 3934 nolrrnt.

1090 3979 1235 4031 bentensi.

1128 4067 1275 4140 Conditore]
1289 4068 1412 4123 Crattdere
1423 4069 1582 4136 quandoque
1596 4065 1836 4134 siguificatlacere,
1854 4075 1885 4119 ut

1094 4162 1172 4218 hicet
1184 4177 1261 4230 supra
1274 4179 1279 4214 :

1251 4251 1271 4302 0
1284 4250 1396 4302 stelliferi
1410 4249 1520 4298 conditor
1531 4247 1605 4296 orbis.

1098 4337 1261 4404 Quandoque
1275 4334 1408 4402 colligere.
1425 4332 1549 4385 lloratius
1563 4330 1588 4382 in
1604 4343 1611 4380 ι
1625 4326 1793 4381 Carminum:

1113 4430 1118 4438 ‘
1174 4426 1246 4477 lllttm
1256 4429 1276 4473 si
1286 4425 1383 4488 proprio
1393 4421 1500 4470 condidit
1511 4421 1607 4468 horreo.

254 4524 361 4579 benitas
371 4521 512 4592 citiusque.
526 4519 662 4574 beatitudo
677 4517 735 4588 ejus
748 4526 791 4573 est
801 4535 809 4584 ;
820 4531 884 4587 ergo
898 4516 989 4570 omnia
1000 4530 1044 4568 uo·
1059 4493 1088 4554 Ῑ)
1101 4512 1265 4580 eraudoque
1279 4508 1454 4562 abscondere.
1472 4505 1566 4573 largit.
1583 4505 1609 4554 in
1624 4499 1774 4555 bucolicis:

255 4615 305 4671 luit
315 4630 376 4671 esse
394 4615 483 4681 beata,
505 4622 636 4683 quatenus
658 4623 762 4665 natura·
777 4608 985 4678 uniuscujusque
1005 4607 1046 4675 (ut

255 4705 294 4758 ait
308 4704 395 4774 Plato)
408 4719 492 4774 capas
508 4701 682 4758 beatitudiuis
691 4715 751 4756 esse
762 4704 878 4769 poterat.
888 4697 987 4752 Deinde
998 4695 1044 4757 ibi,

257 4795 578 4867 ununquemque,
601 4795 707 4849 tertium
727 4792 762 4848 de
785 4791 867 4846 animi
889 4787 1047 4844 immortali-

257 4895 313 4944 tate
326 4886 465 4957 perquirit.
476 4885 647 4955 Quaeritergo
657 4899 690 4938 an
705 4883 858 4938 meminerit
866 4879 1001 4934 hominem
1015 4893 1044 4932 se

256 4994 319 5036 esse
331 5021 339 5046 ,
354 4978 451 5035 deinde
462 4993 497 5032 an
508 4978 576 5032 sciat
585 4979 648 5048 qnid
664 4974 843 5032 sithnmo.dd
855 4975 927 5045 quod
937 4987 1048 5042 respou-

258 5069 304 5124 det
315 5067 433 5133 Boetius,
451 5082 484 5122 ex
497 5068 629 5122 sententia
650 5065 803 5137 Porphyrii,
827 5064 962 5118 hominem
989 5078 1049 5116 esse

258 5157 357 5213 animal
370 5156 500 5216 rationale
523 5156 648 5220 mortale,
677 5171 737 5210 eum
763 5153 861 5209 rectius
883 5151 1049 5207 detumuisset

260 5249 396 5302 lrntuinem
410 5260 470 5302 esse
482 5245 580 5300 animal
594 5261 625 5301 ιιι
637 5259 751 5315 corpure
762 5247 790 5298 ιι
803 5241 926 5297 rationali
939 5243 1048 5296 immur-

259 5338 304 5394 tnli
316 5337 405 5392 anima
415 5335 602 5406 compositum.
613 5332 679 5388 Crini
691 5333 761 5388 enirn
777 5330 877 5386 oblitus
898 5327 933 5384 sit
943 5328 1050 5384 Boetius

258 5439 384 5486 constare
397 5443 427 5484 se
440 5442 475 5483 es
490 5428 577 5481 anima
601 5424 756 5489 immortali,
776 5437 830 5478 non
844 5428 886 5475 est
901 5419 1050 5475 mirandum

259 5524 290 5580 si'
308 5523 435 5579 brevibus
458 5520 517 5576 istis
542 5517 749 5573 adversitatibus
777 5512 947 5584 perturbetur
965 5529 970 5562 :
987 5510 1051 5563 dicit

260 5629 327 5684 ergo
337 5614 405 5669 haue
417 5613 496 5667 etiam
508 5626 568 5666 esse
579 5611 621 5665 rel
635 5609 794 5679 praeeipuam
806 5605 867 5659 mali
878 5603 917 5657 sui
929 5615 1056 5679 causam,

262 5701 334 5770 quud
365 5704 406 5755 sui
430 5700 527 5755 oblitus
556 5700 601 5763 sir,
624 5698 786 5765 desieritque
810 5693 927 5761 seipsum
957 5701 1047 5743 nosse.

1162 4603 1208 4652 llts
1219 4616 1267 4663 egu
1277 4612 1345 4661 supe
1352 4599 1436 4660 lupum
1448 4594 1502 4644 lieri
1514 4601 1541 4643 et
1549 4591 1692 4642 recondere
1702 4589 1778 4640 siluis.

1101 4687 1245 4740 demensa.

1136 4770 1268 4842 Ersmtes]
1283 4772 1380 4825 Exsors
1392 4767 1467 4822 abad
1483 4775 1510 4820 et
1522 4778 1582 4818 sors
1595 4763 1702 4828 dicitur,
1720 4760 1797 4829 quasi
1814 4769 1892 4814 eitra

1100 4872 1211 4927 sorteru,
1236 4863 1260 4915 id
1283 4869 1324 4915 est
1338 4867 1451 4929 partem,
1467 4856 1512 4926 qni
1528 4864 1637 4923 prensus
1651 4854 1769 4921 privatus
1788 4860 1831 4904 est
1850 4865 1892 4903 re.

1102 4960 1246 5010 duarenus.

1139 5042 1240 5116 Papo]
1254 5043 1403 5112 interjectio
1424 5038 1556 5106 stupentis
1575 5036 1616 5091 rel
1637 5031 1794 5088 admirantis
1804 5040 1857 5094 est,
1878 5047 1893 5080 a

1101 5137 1196 5194 Graeco
1207 5137 1286 5192 ιαιαι
1299 5136 1388 5189 dueta.
1406 5137 1548 5187 tentonus.

1139 5229 1270 5286 Sententia
1280 5223 1390 5297 locutus]
1403 5222 1505 5292 Frigida
1519 5233 1545 5275 et
1558 5219 1646 5287 segnis
1657 5218 1832 5270 videturesse
1843 5213 1895 5265 ista

1106 5325 1252 5388 translatio,
1270 5322 1350 5376 lucari
1370 5323 1396 5374 ln
1416 5316 1546 5373 sententia
1560 5332 1566 5376 ;
1582 5315 1681 5368 rectius
1689 5318 1746 5365 erat
1758 5316 1896 5373 utcumque

1104 5425 1149 5469 aut
1158 5414 1271 5468 locatam
1286 5413 1311 5466 in
1320 5427 1382 5466 eum
1395 5408 1552 5463 senteutiam
1563 5420 1570 5467 ;
1583 5402 1678 5456 melius
1690 5400 1780 5468 utique
1792 5406 1820 5449 et
1833 5410 1895 5448 rno-

1105 5507 1205 5560 destius
1218 5513 1284 5568 erat,
1301 5519 1351 5557 eur
1369 5512 1422 5556 tam
1438 5499 1572 5552 salubrem
1587 5493 1688 5548 habens
1711 5489 1894 5546 seatetrtiaur;

1105 5605 1149 5650 aut
1161 5595 1254 5655 iratus,
1266 5602 1312 5647 aut
1326 5593 1465 5661 penditus,
1480 5589 1521 5643 vel
1533 5587 1611 5641 nisus
1623 5579 1754 5638 sentientia
1770 5586 1893 5647 aegrotet.

1103 5687 1245 5747 donicum.
