3906 6180
115 325 151 380 aa
754 317 993 384 setsrotlnuu
1012 328 1077 386 nro.
1090 328 1121 387 ιι.
1710 341 1744 398 ιιι

115 436 346 504 corgiterpettsre.
357 431 455 488 Sancta
465 439 527 487 sunt
542 431 628 488 studia
641 433 790 505 litterarum
807 436 832 489 io
844 436 904 502 qui·
917 439 943 500 A
956 441 1072 511 tireuius,
1089 445 1190 501 sororis
1201 460 1267 502 mera
1281 446 1362 515 lilius,
1379 460 1427 516 per
1440 445 1557 502 liberalis
1567 447 1648 506 studii
1660 450 1743 507 disci·

115 526 164 581 bus
179 532 242 580 ante
257 525 419 580 incrementa
435 525 536 593 peritiae
559 526 622 579 viria
646 527 829 581 dediscuntur.
847 528 903 583 lloo
957 537 1042 605 plinus
1055 536 1185 607 ingenuus
1201 540 1257 595 rult
1271 538 1376 594 rideri:
1391 549 1477 607 optat,
1494 540 1520 594 ni
1541 540 1628 607 lullus,
1646 542 1743 611 peculii

114 619 288 675 itinere'cana
301 615 333 671 ad
346 631 430 672 annos
445 617 560 684 pueriles
570 617 657 672 solent
668 619 760 673 uenire
772 620 901 675 consilia:
956 630 1037 683 vestrl
1062 628 1161 684 habere
1176 629 1370 685 testimouium.
1391 630 1542 700 Magnitudo
1562 632 1641 701 igitur
1655 642 1742 689 restra
1811 630 1813 634 ⁴

114 712 178 768 dum
197 711 268 781 quod
286 719 352 766 aetas
373 710 470 779 reluqit
495 721 593 766 norunt
615 713 738 768 instituta
762 725 919 794 prestare..
955 720 1151 789 praeteritorum
1172 728 1262 786 tenax,
1285 734 1388 776 memor
1412 723 1600 791 praesentium,
1627 723 1743 791 prud-os

115 801 213 859 Forcte
226 816 311 870 ergo:
325 803 334 832 ¹
350 802 472 858 veniendi
486 817 581 858 causas
597 804 727 874 pateiacta
742 808 903 878 corrsastgui·
954 811 1048 877 luturi,
1064 811 1223 881 perlatorem
1245 825 1293 881 pro
1314 826 1374 867 mea
1398 812 1630 869 commendatione
1654 815 1742 870 susci-

114 894 197 948 nitate
212 891 353 948 didicistis.
379 890 488 947 liabetis
506 893 639 962 obsidem,
667 896 693 950 iu
708 912 761 966 quo
786 898 902 954 dilucide
953 902 1010 972 piat
1024 918 1032 955 ε
1048 911 1077 956 et
1089 903 1133 972 qui
1148 902 1201 957 erit
1214 916 1263 972 per
1276 902 1406 959 visionem
1421 916 1538 958 uestram
1556 898 1691 960 scribente
1705 907 1742 961 le·

113 988 270 1043 meritorum
296 985 365 1053 apud
388 1000 437 1041 ros
461 1001 581 1041 meorum
602 989 716 1057 qualitas
740 991 900 1048 innotescat.
953 997 1039 1062 lictor,
1056 996 1277 1066 peregrinationis
1296 1010 1350 1050 non
1373 997 1613 1065 patiaturadrersa
1629 999 1740 1054 sentire.

113 1077 238 1143 Domine,
262 1086 403 1148 utsupra,
426 1077 592 1133 salutationis
618 1081 795 1135 reuerentiam
821 1083 901 1138 obse·
954 1088 1068 1143 bonrine
1089 1088 1136 1154 roi,
1159 1088 1277 1142 debitum
1296 1090 1434 1142 servitium
1454 1088 1571 1144 mirleus
1593 1102 1687 1157 precor
1712 1098 1741 1145 ιιι

111 1169 387 1243 quioromderutione
396 1169 548 1235 restituens,
562 1178 695 1237 precorut
707 1172 822 1240 perlator
832 1188 903 1243 prae·
954 1183 995 1238 rel
1012 1197 1058 1252 per
1070 1182 1138 1236 itanc
1148 1183 1316 1236 occasionem
1330 1196 1382 1251 qua
1393 1183 1466 1239 illinc
1480 1184 1640 1239 Parthenios
1650 1195 1740 1237 suros·

111 1263 227 1318 sentium
250 1258 368 1319 famulus
382 1270 468 1316 cester
490 1261 561 1316 lutici
580 1269 653 1317 sorta
676 1262 810 1330 recensiri
831 1264 902 1334 apud
955 1282 1015 1342 pras
1025 1277 1124 1342 poterit
1137 1274 1248 1342 paginas
1259 1272 1407 1339 ,dearimro
1423 1274 1568 1330 desiderati
1580 1273 1754 1345 multiplice.

111 1370 160 1410 ros
180 1369 279 1409 rromeu
303 1353 420 1423 excipiat
439 1354 525 1421 :quia
551 1353 621 1424 quod
644 1354 800 1410 attributum
821 1355 902 1412 luerit
955 1373 997 1419 tur
1010 1364 1094 1420 torma
1107 1363 1243 1433 colloquii.

113 1448 237 1519 precibus
251 1447 328 1511 meis,
342 1455 458 1502 restrum
482 1461 563 1515 supra
577 1447 652 1505 dotes
668 1461 730 1504 suas
751 1456 831 1504 orout
842 1447 903 1504 oili·
1218 1451 1385 1508 nrtslotl
1403 1452 1474 1510 lllll.

112 1541 194 1594 cium.
1198 1558 1326 1599 eunomus
1344 1559 1495 1600 uosursoar.
1512 1561 1513 1564 ¹

390 1629 555 1685 EPlSTOLA
574 1630 620 1687 Xl·
988 1638 1093 1694 Scimus
1107 1635 1224 1704 religiosi
1239 1645 1404 1692 sacramenia
1418 1636 1545 1705 propositi
1575 1636 1609 1692 ab
1624 1635 1739 1694 obnoxia

362 1737 490 1778 rorourns
509 1737 649 1779 tortuoso.
955 1731 1073 1801 peccatis
1088 1728 1268 1794 multitudine,
1282 1728 1432 1782 innocentia
1452 1729 1546 1785 etlide
1560 1732 1690 1798 separari,
1710 1740 1739 1788 et

152 1815 246 1872 Videor
260 1814 329 1886 apud
342 1829 408 1885 quos
424 1815 545 1886 piurimis
560 1813 721 1871 asserendus
742 1825 795 1883 est,
819 1831 899 1887 quem
914 1806 939 1867 Β
953 1819 1301 1880 titulosrenerabilisollicli
1316 1834 1404 1874 mores
1417 1820 1641 1890 potirrsiusigoire
1660 1836 1739 1890 quam

110 1910 224 1966 instituti
238 1909 354 1965 liberalis
368 1924 432 1965 cura
444 1890 574 1965 'sollicitat
586 1927 592 1960 :
606 1922 652 1963 ros
667 1919 791 1977 patronos
803 1911 901 1966 meruit
951 1929 1074 1983 corpora.
1084 1914 1151 1980 Quis
1160 1911 1260 1966 bouum
1271 1912 1442 1967 conscientia.
1453 1911 1522 1966 iuter
1534 1912 1657 1974 homiues
1668 1928 1740 1982 quae·

108 2018 189 2059 caua
203 2003 364 2058 cummunis.
388 2001 447 2057 Non
468 2002 551 2072 ignari
576 2002 730 2071 peregrinos
751 2003 898 2074 suscipitis,
951 2007 1041 2071 rat,.si
1055 2004 1146 2060 mundi
1159 2002 1309 2059 adhibenda
1333 2013 1375 2059 est
1388 2005 1460 2057 circa
1474 2001 1629 2074 pontilieum
1642 2012 1740 2059 statuta

110 2107 161 2147 nec
176 2092 478 2147 erudiendosanimatis.
499 2089 621 2159 liupertis
637 2107 730 2152 mainus
748 2095 896 2148 trecussitu-
951 2100 1115 2164 necessitas,
1140 2097 1163 2151 si
1186 2096 1356 2152 sacerdotum
1381 2096 1524 2165 promissio
1546 2094 1740 2165 circumspecta

112 2180 517 2250 libisfieli¹¹⁰¹¹²0l³dl¹ibfl¹¹¹b
543 2180 899 2252 ‘lumidffifflluenllffilib
950 2194 1074 2248 mistione
1099 2190 1268 2247 servabitur?
1300 2188 1441 2259 Nunquam
1466 2186 1559 2242 babuit
1587 2187 1613 2242 io
1644 2187 1740 2247 affectu

109 2292 181 2332 mam
195 2274 294 2330 leriato
308 2289 354 2332 ore
368 2276 469 2344 eosqui
485 2273 597 2340 titubant
614 2273 745 2329 inritatis.
763 2275 898 2344 Exemplis
951 2284 1140 2351 constantiam,
1162 2265 1204 2337 oui
1227 2282 1316 2337 lacere
1337 2280 1407 2335 aliud
1426 2278 1459 2333 de
1478 2278 1670 2349 pollicitatione
1687 2294 1740 2337 nou

107 2367 232 2440 ¹¹⁰l¹²¹⁰i
242 2382 275 2423 ⁰¹
288 2366 427 2437 Ρθῐθὸῐῑῃῡ
439 2375 585 2436 ll⁰¹⁸l1⁵tll¹
598 2366 741 2437 insipiente
754 2367 898 2437 liffeim&
951 2378 1036 2433 licuit.
1065 2377 1161 2433 Seruii
1188 2373 1357 2432 conversatio
1381 2374 1469 2444 legum
1496 2381 1566 2429 metu
1592 2371 1739 2428 retinetur:

107 2449 227 2531 Utraque
242 2458 395 2524 Parthenio,
413 2473 546 2529 silfflillae
562 2473 627 2513 '¹¹02
642 2458 707 2523 filib
724 2474 785 2529 pars
800 2475 900 2514 ⁰0¹1V0·
951 2469 998 2525 oet
1015 2467 1127 2522 larmulos
1141 2465 1210 2536 quod
1230 2466 1327 2521 bonum
1344 2473 1385 2522 est
1398 2464 1526 2523 exhibere
1546 2463 1670 2519 conuenit
1686 2479 1738 2518 non

105 2553 165 2608 rsit:
186 2555 229 2607 cui
252 2551 285 2606 ad
302 2551 467 2607 venerabiles
482 2548 634 2621 disciplinas
651 2552 761 2606 Romam
785 2553 898 2626 petenti,
952 2558 1097 2622 formidini,
1119 2556 1165 2611 sed
1181 2556 1275 2611 amori.
1291 2555 1394 2611 Dudum
1418 2554 1480 2609 dum
1501 2555 1577 2609 nohis
1598 2555 1738 2609 perusin.

107 2661 157 2718 pro
170 2639 278 2701 terratis
292 2641 443 2700 calcaribus
457 2641 555 2698 suflicit
569 2657 614 2697 ros
629 2643 730 2698 ridere.
758 2642 785 2698 Si
798 2643 832 2697 ab
847 2643 897 2699 ltu·
951 2658 1044 2717 staret,
1067 2649 1147 2704 etde
1169 2647 1308 2703 clementia
1329 2648 1364 2718 pii
1389 2648 1459 2718 regis
1481 2647 1561 2702 duroto
1581 2648 1735 2702 eternorum

109 2729 237 2792 munitate
257 2750 310 2790 non
333 2729 477 2802 discrepat,
504 2731 693 2787 sublimitatem
709 2741 780 2787 tuam
801 2749 898 2803 gerens
951 2743 1129 2797 estimatione
1143 2738 1320 2809 penderemus
1340 2741 1452 2804 incerto,
1473 2739 1590 2794 camelos
1606 2731 1649 2791 'tot
1673 2732 1739 2793 daa-

110 2837 176 2884 aute
189 2827 290 2893 oculos,
304 2821 384 2883 rebus
398 2828 430 2880 ad
446 2829 569 2882 virtruem
586 2825 768 2897 potiusquam
788 2825 898 2883 monitis
951 2836 1000 2892 rios
1012 2839 1021 2868 ²
1035 2837 1134 2890 douuro
1155 2849 1229 2904 papa
1247 2833 1461 2889 tall-reuerentiae
1473 2838 1570 2887 vestrae
1586 2829 1740 2886 conditiora

107 2923 252 2979 excitatur.
267 2919 388 2991 llaplstra
404 2919 501 2975 laboris
514 2929 556 2974 ost
570 2919 787 2987 laurliserulritio‚
802 2912 899 2991 prael·
950 2927 1119 2993 resoluitque,
1143 2934 1173 2980 ut
1194 2924 1216 2980 sl
1240 2924 1315 2979 nobis
1338 2923 1464 2977 animalia
1488 2921 1547 2989 ipsa
1571 2936 1623 2976 non
1647 2922 1737 2976 essert

106 3027 159 3086 pue
171 3010 278 3084 quando
291 3012 317 3068 io
331 3010 377 3066 illo
397 3011 535 3075 exuberat,
556 3027 637 3082 quern
660 3011 756 3067 similis
781 3022 898 3068 retineas
950 3021 1113 3079 necessarta,
1126 3019 1225 3087 justum
1242 3030 1289 3084 pro
1310 3015 1374 3083 ipsis
1397 3017 1511 3083 pretium
1529 3013 1687 3067 mitteretur.
1703 3009 1747 3081 m,

106 3105 191 3162 luisse
205 3102 329 3160 fortunar.
345 3102 400 3182 Sed
415 3103 438 3157 si
452 3101 526 3157 robis
540 3101 614 3158 cordi
626 3118 695 3168 sum,
711 3106 782 3158 circa
796 3119 897 3159 memo·
949 3114 1013 3183 quia
1033 3110 1106 3166 nouit
1129 3105 1388 3178 optirne⁸saoctitas
1407 3095 1504 3171 restra,
1533 3115 1591 3168 nos,
1613 3100 1676 3157 dum
1688 3118 1738 3173 pe·

107 3208 194 3258 rutum
220 3206 323 3270 pellem
347 3197 459 3263 reddite.
485 3206 514 3252 ul
534 3210 610 3253 albor
629 3205 736 3250 milibus
751 3196 784 3252 de
798 3172 934 3253 vicariae
953 3205 1061 3266 luimus,
1077 3217 1125 3272 per
1139 3199 1326 3271 allegationem
1343 3207 1414 3252 tuam
1428 3197 1555 3251 utilitates
1569 3204 1668 3250 sancta
1684 3195 1739 3252 llo·

107 3290 276 3361 l¹¹¹l>i¹l⁵l⁰¹¹⁴³
299 3289 469 3362 dfillssellss
491 3297 521 3344 ¹¹¹
532 3287 660 3358 quidquid
676 3288 702 3342 5¹¹
718 3288 898 3359 miiiiffldlssd
950 3311 1037 3353 urana
1053 3294 1180 3351 Ecclesia
1200 3291 1370 3357 sublevasse,
1390 3303 1461 3344 nuuc
1486 3303 1535 3359 pro
1555 3286 1739 3344 uicissitudine

111 3391 159 3438 1¹¹³
172 3382 266 3438 dudum
279 3381 382 3437 laboris
392 3381 512 3442 elhlbui·
528 3378 594 3434 mihi
617 3395 664 3449 lter
678 3378 792 3435 alterum
814 3380 899 3437 lesor-
951 3387 1030 3445 lacite
1043 3389 1076 3443 de
1090 3385 1202 3442 recitate
1212 3380 1380 3440 benellciuio.
1394 3381 1551 3451 Qrtaesumus
1561 3380 1653 3443 etiam,
1665 3379 1739 3433 salu·
1798 3399 1800 3403 ι

112 3488 210 3533 metor.
222 3472 341 3540 bomine,
366 3484 394 3529 ut
408 3488 499 3543 supra,
522 3472 691 3527 salutationis
706 3472 832 3542 obsequia
848 3471 896 3528 de·
952 3483 1053 3536 tatione
1068 3479 1186 3549 prelata,
1204 3474 1310 3546 utquid
1324 3486 1406 3545 super
1427 3474 1477 3527 ltac
1490 3482 1566 3542 parte
1578 3470 1738 3525 deliberatio

111 3567 241 3640 Pffldssssb
261 3567 327 3624 ⁵⁸¹ss
347 3579 409 3623 0⁸⁸0
423 3565 456 3621 Ν
469 3564 727 3620 ⁰⁰¹⁰¹¹¹0¹¹l¹²¹5⁰¹¹0¹¹¹
744 3562 855 3630 Credidi,
875 3565 899 3619 si
951 3582 1038 3628 restra
1053 3572 1160 3629 babeat,
1173 3569 1319 3624 indicetis:
1341 3565 1402 3635 qula
1421 3561 1556 3619 rrerlirous
1577 3576 1627 3618 neo
1641 3558 1739 3631 praela·

109 3660 153 3733 qui
177 3669 249 3716 esset
274 3659 387 3730 portitor
411 3674 464 3714 noo
487 3659 593 3712 lateret.
620 3656 731 3711 Precuru
749 3655 900 3727 prolixitate
953 3673 1008 3720 turn
1022 3659 1261 3732 sedisapostolicae
1275 3661 1427 3729 presulem,
1452 3671 1502 3712 uec
1516 3667 1565 3710 ros
1580 3653 1623 3722 qul
1638 3651 1740 3717 media·

108 3751 191 3805 uritur
201 3751 236 3805 de
249 3740 437 3820 impetratione
448 3745 592 3802 dilinleus:
609 3756 795 3816 argumentum
809 3756 850 3803 est
863 3748 900 3803 nil
953 3764 1024 3811 rores
1040 3753 1165 3821 existitis,
1179 3751 1251 3806 aliud
1265 3750 1396 3820 cogitare,
1412 3745 1461 3801 nisi
1477 3743 1547 3816 quod
1562 3751 1590 3800 et
1603 3741 1740 3814 proposito

110 3842 248 3904 mere¹¹¹³&
278 3839 324 3895 (¹3¹¹
344 3855 447 3910 rogare.
469 3838 595 3894 filimi!
616 3835 762 3893 ³ffl⁰l5¹ll¹⁵
783 3839 847 3905 tuis,
873 3846 902 3894 ul
953 3857 981 3903 et
993 3845 1103 3916 justitiae
1117 3843 1176 3898 sine
1188 3843 1353 3897 dubitatione
1368 3837 1517 3894 coruveniat.

109 3933 206 4003 perdas
215 3932 406 3989 oeueoctoarm
419 3935 537 4003 genium,
548 3931 610 3985 dum
621 3931 697 4001 longa
707 3931 901 4001 supplicatione
1217 3932 1384 3990 srlsruta
1404 3930 1473 3986 llll.

109 4025 265 4096 producitur
281 4023 315 4079 de
328 4021 424 4079 ellectu
435 4022 516 4078 celeri
533 4023 723 4077 sublevandus.
955 4041 958 4047 ·
1174 4040 1303 4082 auronius
1323 4024 1334 4055 ⁸
1355 4038 1515 4079 ssnrrurout.

387 4115 552 4172 Ertsloul
572 4115 629 4173 llll.
989 4121 1025 4174 [le
1037 4118 1203 4189 perfectione
1217 4114 1354 4172 conlidunt
1367 4115 1499 4186 discipuli,
1515 4113 1641 4183 quotiens
1658 4112 1741 4183 magi

316 4224 444 4266 strumus
463 4224 566 4264 rsuaro
584 4225 694 4265 ruarotrr.
952 4219 1069 4266 sororum
1084 4210 1252 4278 praesentiam
1276 4207 1474 4275 praestolantur.
1498 4205 1565 4275 Spes
1583 4203 1741 4259 eruditionis

145 4301 202 4356 lleo
214 4298 311 4370 gratur
322 4301 461 4371 paulatus,
486 4303 530 4370 qui
546 4299 686 4355 oculorum
702 4315 821 4355 meorum
834 4315 900 4370 quas
953 4302 1091 4358 manilesta
1106 4308 1156 4356 est.
1174 4309 1203 4353 ut
1218 4300 1320 4351 truatur
1336 4299 1487 4366 perlustro,
1511 4297 1624 4350 inritare
1649 4295 1741 4350 docto-

107 4390 306 4460 inerpllcabllis
320 4390 396 4447 dulor
419 4403 561 4461 pepererat
583 4393 667 4447 rrrtltes
689 4391 813 4446 abstersit
825 4408 831 4443 :
842 4391 902 4461 juro
953 4409 1010 4448 rem
1026 4391 1115 4448 :clara
1131 4398 1192 4445 suot
1207 4389 1321 4458 ingestis,
1337 4403 1396 4458 quae
1411 4387 1590 4441 instruentum
1607 4386 1740 4448 agitantur

110 4470 239 4552 adipsum
247 4485 372 4539 lrenelicia
381 4500 427 4538 sua
442 4485 573 4548 referens,
582 4485 625 4555 qui
635 4486 723 4539 lumen
733 4483 901 4540 deditetred·
954 4483 1109 4541 desideriis:
1123 4481 1282 4536 monitorem
1294 4480 1442 4550 requirnnt,
1454 4478 1496 4547 qui
1508 4474 1577 4531 lelioi
1589 4487 1661 4530 sorte
1673 4473 1741 4531 didi-

110 4575 188 4632 didit.
207 4575 255 4630 Vix
269 4579 339 4630 enim
354 4587 414 4646 pest
427 4578 581 4631 innumeros
595 4577 653 4633 dies
667 4577 788 4632 sanitatis
804 4575 900 4631 fiducia
913 4543 940 4622 D
953 4583 1058 4636 cerunt.
1071 4575 1116 4630 Sic
1130 4589 1193 4644 erpo
1206 4572 1355 4627 sanctitatis
1368 4578 1420 4625 ture
1433 4568 1574 4623 allectione
1587 4579 1739 4636 possessus,

110 4667 246 4722 animante
259 4668 371 4737 respiro.
381 4668 414 4722 Et
430 4668 480 4722 lroc
495 4668 527 4721 ari
543 4668 701 4722 sententiam
717 4667 841 4722 culminis
854 4682 901 4719 ue·
954 4683 1104 4739 quanquam
1117 4681 1160 4720 mc
1174 4666 1208 4719 de
1218 4665 1310 4733 puritia
1321 4662 1424 4732 jactare
1434 4675 1485 4713 non
1500 4658 1624 4723 audeam,
1639 4657 1740 4711 ruitum

108 4762 158 4817 stri
172 4761 345 4833 prolixiorem
356 4759 475 4831 respicit,
487 4771 515 4818 nt
526 4777 603 4832 quens
615 4761 708 4829 genius
719 4775 783 4815 trrrrs
794 4759 827 4815 de
839 4757 903 4814 rici·
955 4769 1043 4815 tameo
1059 4756 1231 4826 praceptoris
1245 4763 1372 4822 exspecto
1389 4767 1397 4806 r
1413 4767 1447 4805 ue
1460 4749 1586 4820 degeneri
1608 4759 1633 4804 tc
1648 4748 1741 4804 credas

110 4856 194 4910 nitate
206 4853 336 4921 deseruit,
362 4852 398 4908 nil
413 4852 515 4908 rideret
535 4870 542 4908 ι
559 4851 606 4909 sed
624 4861 718 4920 potum
743 4861 785 4906 est
800 4852 845 4907 ille
857 4851 902 4919 qui
955 4849 1165 4907 ecclesiasticum
1180 4861 1290 4918 permen
1305 4845 1359 4899 lilio
1371 4843 1558 4903 consmisisse:
1575 4843 1636 4911 quia
1650 4858 1741 4912 qtsam-

111 4947 232 5013 torporis
247 4943 317 4999 tollit
331 4943 453 5009 nebulas,
473 4959 562 4999 rerum
577 4942 722 4998 serenitate
737 4953 840 4996 mutare
855 4944 904 4997 tri·
957 4946 995 4999 ris
1009 4944 1135 4997 memoria
1154 4956 1212 4997 mea
1226 4941 1257 4993 ad
1279 4945 1407 4993 centenos
1420 4951 1449 4991 se
1466 4948 1518 4989 tion
1533 4935 1621 4991 raleat
1641 4937 1742 4990 lructut

111 5037 221 5093 stiriam.
237 5036 304 5094 Post
322 5037 501 5093 elocutionem
516 5037 695 5102 uecessitaals,
717 5035 749 5090 ad
765 5035 899 5099 nasutium
953 5036 1083 5093 extollere
1100 5050 1108 5100 ;
1124 5033 1174 5088 scit
1188 5042 1276 5087 tamen
1291 5028 1393 5085 semina
1414 5028 1586 5098 multiplicata
1602 5025 1742 5083 redhibere

113 5128 191 5184 redeo
205 5129 274 5198 quod
285 5137 406 5184 coactum
420 5128 571 5197 impetrarit
585 5126 740 5197 alloquium.
758 5126 899 5193 inautus,
953 5111 1060 5182 cultori.
1076 5125 1141 5179 Veni
1154 5137 1226 5192 ergo,
1245 5130 1272 5174 ut
1290 5134 1380 5174 coram
1404 5119 1506 5188 positus
1528 5128 1645 5187 segetem
1670 5128 1741 5170 tuam

113 5229 140 5273 ιιι
152 5234 242 5289 spero,
258 5219 375 5290 bajulum
391 5235 470 5290 quem
484 5219 579 5275 asserit
592 5232 670 5273 causa
686 5216 823 5272 seniendi.
837 5217 900 5272 Par·
954 5219 1016 5275 boni
1031 5216 1155 5290 agricolae
1168 5214 1226 5269 rice
1239 5212 1377 5282 respicias.
1392 5211 1463 5266 Deus
1479 5210 1572 5281 procul
1585 5215 1688 5268 nrcrtrrt
1703 5208 1742 5261 in·

149 5355 156 5384 ¹
170 5354 198 5409 ln
215 5355 280 5409 edit.
293 5355 409 5418 Scitottl.
425 5358 498 5425 cujas
509 5355 637 5414 vestiendi,
651 5362 704 5410 etc.
956 5356 1075 5428 φὼιησις.
1090 5355 1215 5407 Attamen
1228 5350 1350 5405 eumdem
1366 5349 1532 5406 llormisdam
1546 5347 1686 5401 erronum
1698 5357 1741 5425 ¹tn-

148 5423 272 5478 ¹boanto
286 5426 378 5496 popoe]
393 5426 555 5498 symmacho
576 5444 582 5479 :
604 5435 630 5480 et
654 5427 704 5480 boc
730 5424 811 5494 igitur
835 5422 904 5477 inter
956 5423 1009 5476 citer
1025 5424 1131 5476 nomine
1146 5420 1343 5476 sanctissimum
1355 5422 1434 5475 etiarn
1448 5429 1527 5476 rorat
1542 5416 1740 5494 liburnorum.

116 5491 225 5549 anodii
244 5504 309 5566 erga
333 5495 523 5568 Syrumaclrum
545 5495 673 5550 beuellcin
697 5493 900 5548 nrrorcraodurn.
955 5493 991 5547 20
1005 5492 1037 5547 ad
1050 5491 1191 5545 llariruum
1205 5508 1211 5546 ε
1225 5490 1445 5561 lindesqttrrcum
1465 5486 1742 5543 diaconosmrctrssimo
1811 5539 1813 5542 Α

150 5562 302 5621 'Sanctitas
316 5566 413 5638 arura]
430 5568 460 5623 lit
477 5565 614 5619 Beeritudo
632 5577 685 5628 tuo,
702 5578 781 5634 surpra
805 5564 850 5619 lib.
864 5578 900 5626 rr,
954 5563 987 5617 de
997 5563 1117 5616 institutis
1133 5578 1230 5616 morunt
1247 5574 1307 5616 aeto
1325 5560 1426 5615 dicendi
1437 5562 1548 5614 ubertate
1559 5557 1740 5613 romruuuirrr.

115 5633 237 5700 epist-bl
251 5638 401 5693 ilormisdao
413 5639 512 5693 eidem.
528 5637 596 5690 ltara
611 5635 779 5698 corinellatiu
794 5635 821 5688 in
836 5632 902 5688 allo·
991 5632 1001 5664 ⁸
1016 5631 1169 5703 Seruilium]
1184 5631 1297 5687 Ennodii
1312 5634 1450 5702 magistro,
1462 5645 1478 5684 a
1488 5641 1542 5698 quo
1554 5624 1742 5684 ecclesiasticis

115 5704 220 5762 saurus
241 5709 358 5772 diaconi,
382 5708 458 5779 culus
481 5707 585 5762 ordinis
606 5719 662 5760 erat
678 5706 829 5761 llurmisda.
855 5704 901 5757 Est
947 5704 1083 5763 instantis
1095 5704 1180 5760 iuerat
1192 5704 1319 5761 imbutus.

116 5773 186 5831 euim
201 5778 387 5849 episcoporum
402 5779 492 5849 potius
515 5779 556 5835 rel
585 5777 804 5849 presbyteromru
817 5795 903 5844 arper-
1311 5785 1312 5789 ¹
