<?xml version="1.0" encoding="UTF-8"?>
<!DOCTYPE html PUBLIC "-//W3C//DTD XHTML 1.0 Transitional//EN"
    "http://www.w3.org/TR/xhtml1/DTD/xhtml1-transitional.dtd">
<html xmlns="http://www.w3.org/1999/xhtml" xml:lang="en" lang="en">
 <head>
  <title>
</title>
<meta http-equiv="Content-Type" content="text/html;charset=utf-8" />
  <meta name='ocr-system' content='tesseract 3.04.00' />
  <meta name='ocr-capabilities' content='ocr_page ocr_carea ocr_par ocr_line ocrx_word'/>
</head>
<body>
  <div class='ocr_page' id='page_1' title='image "./patrologiaecurs47unkngoog_0467.png"; bbox 0 0 3906 6180; ppageno 0'>
   <div class='ocr_carea' id='block_1_1' title="bbox 234 337 1533 401">
    <p class='ocr_par' dir='ltr' id='par_1_1' title="bbox 234 337 1533 401">
     <span class='ocr_line' id='line_1_1' title="bbox 234 337 1533 401; baseline -0.005 0"><span class='ocrx_word' id='word_1_1' title='bbox 234 341 279 401; x_wconf 75' lang='lat' dir='ltr'><strong>ill</strong></span> <span class='ocrx_word' id='word_1_2' title='bbox 550 343 720 400; x_wconf 80' lang='lat' dir='ltr'><strong>eeesubtx</strong></span> <span class='ocrx_word' id='word_1_3' title='bbox 738 343 788 398; x_wconf 83' lang='lat' dir='ltr'><strong>ab</strong></span> <span class='ocrx_word' id='word_1_4' title='bbox 807 341 928 401; x_wconf 82' lang='lat' dir='ltr'><strong>Ltbttds</strong></span> <span class='ocrx_word' id='word_1_5' title='bbox 947 340 989 396; x_wconf 77' lang='lat' dir='ltr'><strong>tlte</strong></span> <span class='ocrx_word' id='word_1_6' title='bbox 1009 340 1266 399; x_wconf 77' lang='lat' dir='ltr'><strong>dousottttottb·</strong></span> <span class='ocrx_word' id='word_1_7' title='bbox 1289 337 1533 395; x_wconf 77' lang='lat' dir='ltr'><strong>rtttbosdrtttm.</strong></span> 
     </span>
    </p>
   </div>
   <div class='ocr_carea' id='block_1_2' title="bbox 1814 333 1870 389">
    <p class='ocr_par' dir='ltr' id='par_1_2' title="bbox 1814 333 1870 389">
     <span class='ocr_line' id='line_1_2' title="bbox 1814 333 1870 389; baseline -0.036 0"><span class='ocrx_word' id='word_1_8' title='bbox 1814 333 1870 389; x_wconf 68' lang='lat'><strong>⁹12</strong></span> 
     </span>
    </p>
   </div>
   <div class='ocr_carea' id='block_1_3' title="bbox 234 447 1868 530">
    <p class='ocr_par' dir='ltr' id='par_1_3' title="bbox 234 447 1868 530">
     <span class='ocr_line' id='line_1_3' title="bbox 234 447 1868 530; baseline -0.006 -18"><span class='ocrx_word' id='word_1_9' title='bbox 234 456 302 512; x_wconf 88' lang='lat' dir='ltr'><strong>oltra</strong></span> <span class='ocrx_word' id='word_1_10' title='bbox 323 454 578 524; x_wconf 87' lang='lat' dir='ltr'><strong>Constantinopolim</strong></span> <span class='ocrx_word' id='word_1_11' title='bbox 602 455 697 524; x_wconf 82' lang='lat' dir='ltr'><strong>posta,</strong></span> <span class='ocrx_word' id='word_1_12' title='bbox 715 469 793 524; x_wconf 89' lang='lat' dir='ltr'><strong>quam</strong></span> <span class='ocrx_word' id='word_1_13' title='bbox 819 454 897 509; x_wconf 75' lang='lat' dir='ltr'><strong>lindie</strong></span> <span class='ocrx_word' id='word_1_14' title='bbox 923 463 1022 509; x_wconf 87' lang='lat' dir='ltr'><strong>naturae</strong></span> <span class='ocrx_word' id='word_1_15' title='bbox 1036 454 1232 522; x_wconf 72' lang='lat' dir='ltr'><strong>Adesertoris,</strong></span> <span class='ocrx_word' id='word_1_16' title='bbox 1252 453 1322 523; x_wconf 89' lang='lat' dir='ltr'><strong>qood</strong></span> <span class='ocrx_word' id='word_1_17' title='bbox 1339 462 1380 507; x_wconf 98' lang='grc' dir='ltr'><strong>εει</strong></span> <span class='ocrx_word' id='word_1_18' title='bbox 1403 452 1544 530; x_wconf 68' lang='grc' dir='ltr'>ῥίψασπις,</span> <span class='ocrx_word' id='word_1_19' title='bbox 1564 447 1590 503; x_wconf 88' lang='lat' dir='ltr'><strong>id</strong></span> <span class='ocrx_word' id='word_1_20' title='bbox 1604 457 1644 503; x_wconf 90' lang='lat' dir='ltr'><strong>est</strong></span> <span class='ocrx_word' id='word_1_21' title='bbox 1658 448 1793 520; x_wconf 83' lang='lat' dir='ltr'><strong>projeetor</strong></span> <span class='ocrx_word' id='word_1_22' title='bbox 1810 449 1868 520; x_wconf 79' lang='lat' dir='ltr'><strong>elp-</strong></span> 
     </span>
    </p>
   </div>
   <div class='ocr_carea' id='block_1_4' title="bbox 233 545 1025 3146">
    <p class='ocr_par' dir='ltr' id='par_1_4' title="bbox 233 545 1021 884">
     <span class='ocr_line' id='line_1_4' title="bbox 234 545 1021 615; baseline -0.005 -11"><span class='ocrx_word' id='word_1_23' title='bbox 234 558 332 604; x_wconf 86' lang='lat' dir='ltr'><strong>ttoeant</strong></span> <span class='ocrx_word' id='word_1_24' title='bbox 353 562 427 602; x_wconf 87' lang='lat' dir='ltr'><strong>ntare</strong></span> <span class='ocrx_word' id='word_1_25' title='bbox 444 545 552 609; x_wconf 89' lang='lat' dir='ltr'><strong>Leonis,</strong></span> <span class='ocrx_word' id='word_1_26' title='bbox 571 560 585 598; x_wconf 88' lang='lat' dir='ltr'><strong>a</strong></span> <span class='ocrx_word' id='word_1_27' title='bbox 607 560 657 614; x_wconf 89' lang='lat' dir='ltr'><strong>qua</strong></span> <span class='ocrx_word' id='word_1_28' title='bbox 674 546 767 599; x_wconf 82' lang='lat' dir='ltr'><strong>ticina</strong></span> <span class='ocrx_word' id='word_1_29' title='bbox 787 555 881 615; x_wconf 87' lang='lat' dir='ltr'><strong>gentes</strong></span> <span class='ocrx_word' id='word_1_30' title='bbox 904 546 1021 602; x_wconf 74' lang='lat' dir='ltr'><strong>Ponticas</strong></span> 
     </span>
     <span class='ocr_line' id='line_1_5' title="bbox 234 637 1021 708; baseline -0.001 -15"><span class='ocrx_word' id='word_1_31' title='bbox 234 647 372 693; x_wconf 81' lang='lat' dir='ltr'><strong>voeatttur.</strong></span> <span class='ocrx_word' id='word_1_32' title='bbox 387 637 507 690; x_wconf 82' lang='lat' dir='ltr'><strong>Graecum</strong></span> <span class='ocrx_word' id='word_1_33' title='bbox 532 650 629 689; x_wconf 89' lang='lat' dir='ltr'><strong>nomen</strong></span> <span class='ocrx_word' id='word_1_34' title='bbox 651 645 692 691; x_wconf 89' lang='lat' dir='ltr'><strong>est</strong></span> <span class='ocrx_word' id='word_1_35' title='bbox 710 644 818 705; x_wconf 88' lang='lat' dir='ltr'><strong>pontus,</strong></span> <span class='ocrx_word' id='word_1_36' title='bbox 832 637 931 692; x_wconf 90' lang='lat' dir='ltr'><strong>dictum</strong></span> <span class='ocrx_word' id='word_1_37' title='bbox 946 639 1021 708; x_wconf 88' lang='lat' dir='ltr'><strong>quasi</strong></span> 
     </span>
     <span class='ocr_line' id='line_1_6' title="bbox 233 725 1019 796; baseline 0.001 -16"><span class='ocrx_word' id='word_1_38' title='bbox 233 726 393 786; x_wconf 87' lang='lat' dir='ltr'><strong>laboriosus,</strong></span> <span class='ocrx_word' id='word_1_39' title='bbox 409 725 469 792; x_wconf 88' lang='lat' dir='ltr'><strong>qnia</strong></span> <span class='ocrx_word' id='word_1_40' title='bbox 485 738 592 792; x_wconf 77' lang='lat' dir='ltr'>semper</span> <span class='ocrx_word' id='word_1_41' title='bbox 605 728 808 795; x_wconf 68' lang='lat' dir='ltr'><strong>tempestatibus</strong></span> <span class='ocrx_word' id='word_1_42' title='bbox 819 729 948 796; x_wconf 78' lang='lat' dir='ltr'><strong>agitatur:</strong></span> <span class='ocrx_word' id='word_1_43' title='bbox 960 744 1019 782; x_wconf 86' lang='lat' dir='ltr'><strong>tram</strong></span> 
     </span>
     <span class='ocr_line' id='line_1_7' title="bbox 233 814 859 884; baseline 0 -14"><span class='ocrx_word' id='word_1_44' title='bbox 233 817 306 877; x_wconf 74' lang='lat' dir='ltr'><strong>aiace</strong></span> <span class='ocrx_word' id='word_1_45' title='bbox 320 815 413 869; x_wconf 76' lang='lat' dir='ltr'><strong>crece</strong></span> <span class='ocrx_word' id='word_1_46' title='bbox 424 814 542 869; x_wconf 84' lang='lat' dir='ltr'><strong>laborem</strong></span> <span class='ocrx_word' id='word_1_47' title='bbox 555 815 696 884; x_wconf 82' lang='lat' dir='ltr'><strong>significat.</strong></span> <span class='ocrx_word' id='word_1_48' title='bbox 713 819 859 872; x_wconf 77' lang='lat' dir='ltr'><strong>boutema.</strong></span> 
     </span>
    </p>

    <p class='ocr_par' dir='ltr' id='par_1_5' title="bbox 233 904 1022 1859">
     <span class='ocr_line' id='line_1_8' title="bbox 268 904 1021 976; baseline 0.003 -16"><span class='ocrx_word' id='word_1_49' title='bbox 268 904 384 976; x_wconf 80' lang='lat' dir='ltr'><strong>AEsturaa]</strong></span> <span class='ocrx_word' id='word_1_50' title='bbox 397 906 500 969; x_wconf 83' lang='lat' dir='ltr'><strong>AEstus,</strong></span> <span class='ocrx_word' id='word_1_51' title='bbox 521 920 536 957; x_wconf 91' lang='lat' dir='ltr'><strong>a</strong></span> <span class='ocrx_word' id='word_1_52' title='bbox 559 921 611 975; x_wconf 93' lang='lat' dir='ltr'><strong>quo</strong></span> <span class='ocrx_word' id='word_1_53' title='bbox 632 917 711 960; x_wconf 77' lang='lat' dir='ltr'><strong>aestas</strong></span> <span class='ocrx_word' id='word_1_54' title='bbox 730 907 801 962; x_wconf 90' lang='lat' dir='ltr'><strong>dicta</strong></span> <span class='ocrx_word' id='word_1_55' title='bbox 822 916 873 973; x_wconf 88' lang='lat' dir='ltr'><strong>est,</strong></span> <span class='ocrx_word' id='word_1_56' title='bbox 890 908 1021 962; x_wconf 75' lang='lat' dir='ltr'><strong>[errarem</strong></span> 
     </span>
     <span class='ocr_line' id='line_1_9' title="bbox 233 994 1021 1066; baseline 0.004 -16"><span class='ocrx_word' id='word_1_57' title='bbox 233 994 375 1065; x_wconf 79' lang='lat' dir='ltr'><strong>significat,</strong></span> <span class='ocrx_word' id='word_1_58' title='bbox 391 995 460 1049; x_wconf 85' lang='lat' dir='ltr'><strong>narde</strong></span> <span class='ocrx_word' id='word_1_59' title='bbox 474 1005 501 1048; x_wconf 92' lang='lat' dir='ltr'><strong>et</strong></span> <span class='ocrx_word' id='word_1_60' title='bbox 515 1007 602 1051; x_wconf 89' lang='lat' dir='ltr'><strong>motus</strong></span> <span class='ocrx_word' id='word_1_61' title='bbox 616 998 660 1050; x_wconf 90' lang='lat' dir='ltr'><strong>ille</strong></span> <span class='ocrx_word' id='word_1_62' title='bbox 675 1000 756 1051; x_wconf 91' lang='lat' dir='ltr'><strong>maris</strong></span> <span class='ocrx_word' id='word_1_63' title='bbox 767 999 810 1066; x_wconf 91' lang='lat' dir='ltr'><strong>qui</strong></span> <span class='ocrx_word' id='word_1_64' title='bbox 823 1002 850 1051; x_wconf 90' lang='lat' dir='ltr'><strong>lit</strong></span> <span class='ocrx_word' id='word_1_65' title='bbox 863 1015 910 1066; x_wconf 91' lang='lat' dir='ltr'><strong>per</strong></span> <span class='ocrx_word' id='word_1_66' title='bbox 922 998 1021 1053; x_wconf 83' lang='lat' dir='ltr'><strong>ssarxtrm</strong></span> 
     </span>
     <span class='ocr_line' id='line_1_10' title="bbox 233 1085 1022 1161; baseline 0 -19"><span class='ocrx_word' id='word_1_67' title='bbox 233 1097 260 1142; x_wconf 91' lang='grc' dir='ltr'><strong>ει</strong></span> <span class='ocrx_word' id='word_1_68' title='bbox 279 1086 419 1148; x_wconf 80' lang='lat' dir='ltr'><strong>refluxum,</strong></span> <span class='ocrx_word' id='word_1_69' title='bbox 433 1095 513 1140; x_wconf 52' lang='lat' dir='ltr'><strong>aestus</strong></span> <span class='ocrx_word' id='word_1_70' title='bbox 523 1085 556 1139; x_wconf 90' lang='lat' dir='ltr'><strong>ab</strong></span> <span class='ocrx_word' id='word_1_71' title='bbox 568 1090 720 1141; x_wconf 85' lang='lat' dir='ltr'><strong>auctoribus</strong></span> <span class='ocrx_word' id='word_1_72' title='bbox 735 1087 833 1142; x_wconf 84' lang='lat' dir='ltr'><strong>Latinis</strong></span> <span class='ocrx_word' id='word_1_73' title='bbox 845 1089 1022 1161; x_wconf 61' lang='lat' dir='ltr'><strong>dicatumquia</strong></span> 
     </span>
     <span class='ocr_line' id='line_1_11' title="bbox 233 1179 1021 1250; baseline 0.008 -21"><span class='ocrx_word' id='word_1_74' title='bbox 233 1191 309 1230; x_wconf 90' lang='lat' dir='ltr'><strong>mare</strong></span> <span class='ocrx_word' id='word_1_75' title='bbox 327 1184 441 1231; x_wconf 71' lang='lat' dir='ltr'><strong>testatore</strong></span> <span class='ocrx_word' id='word_1_76' title='bbox 464 1187 492 1230; x_wconf 89' lang='lat' dir='ltr'><strong>ct</strong></span> <span class='ocrx_word' id='word_1_77' title='bbox 510 1185 634 1246; x_wconf 81' lang='lat' dir='ltr'><strong>tanquam</strong></span> <span class='ocrx_word' id='word_1_78' title='bbox 657 1179 770 1233; x_wconf 76' lang='lat' dir='ltr'><strong>ebullire</strong></span> <span class='ocrx_word' id='word_1_79' title='bbox 791 1179 906 1234; x_wconf 86' lang='lat' dir='ltr'><strong>uidetur.</strong></span> <span class='ocrx_word' id='word_1_80' title='bbox 930 1179 1021 1250; x_wconf 89' lang='lat' dir='ltr'><strong>ltaque</strong></span> 
     </span>
     <span class='ocr_line' id='line_1_12' title="bbox 234 1263 1021 1338; baseline 0.008 -21"><span class='ocrx_word' id='word_1_81' title='bbox 234 1263 335 1320; x_wconf 86' lang='lat' dir='ltr'><strong>Plinius</strong></span> <span class='ocrx_word' id='word_1_82' title='bbox 350 1267 502 1320; x_wconf 73' lang='lat' dir='ltr'><strong>aestuarium</strong></span> <span class='ocrx_word' id='word_1_83' title='bbox 516 1267 585 1320; x_wconf 82' lang='lat' dir='ltr'><strong>dixit</strong></span> <span class='ocrx_word' id='word_1_84' title='bbox 595 1268 680 1321; x_wconf 86' lang='lat' dir='ltr'><strong>locunt</strong></span> <span class='ocrx_word' id='word_1_85' title='bbox 692 1266 718 1322; x_wconf 93' lang='lat' dir='ltr'><strong>iu</strong></span> <span class='ocrx_word' id='word_1_86' title='bbox 730 1284 809 1338; x_wconf 89' lang='lat' dir='ltr'><strong>qoem</strong></span> <span class='ocrx_word' id='word_1_87' title='bbox 824 1283 853 1323; x_wconf 88' lang='lat' dir='ltr'><strong>se</strong></span> <span class='ocrx_word' id='word_1_88' title='bbox 868 1280 948 1324; x_wconf 83' lang='lat' dir='ltr'><strong>aestus</strong></span> <span class='ocrx_word' id='word_1_89' title='bbox 964 1287 1021 1323; x_wconf 92' lang='lat' dir='ltr'><strong>ma·</strong></span> 
     </span>
     <span class='ocr_line' id='line_1_13' title="bbox 234 1354 1022 1433; baseline 0.009 -25"><span class='ocrx_word' id='word_1_90' title='bbox 234 1355 270 1410; x_wconf 89' lang='lat' dir='ltr'><strong>ris</strong></span> <span class='ocrx_word' id='word_1_91' title='bbox 284 1354 442 1410; x_wconf 84' lang='lat' dir='ltr'><strong>edrrrtderet.</strong></span> <span class='ocrx_word' id='word_1_92' title='bbox 457 1355 512 1426; x_wconf 82' lang='lat' dir='ltr'><strong>ligo</strong></span> <span class='ocrx_word' id='word_1_93' title='bbox 534 1358 614 1412; x_wconf 91' lang='lat' dir='ltr'><strong>etiam</strong></span> <span class='ocrx_word' id='word_1_94' title='bbox 643 1358 801 1414; x_wconf 87' lang='lat' dir='ltr'><strong>crediderim</strong></span> <span class='ocrx_word' id='word_1_95' title='bbox 826 1358 920 1433; x_wconf 69' lang='lat' dir='ltr'><strong>(quam</strong></span> <span class='ocrx_word' id='word_1_96' title='bbox 943 1360 1022 1416; x_wconf 80' lang='lat' dir='ltr'><strong>lindie</strong></span> 
     </span>
     <span class='ocr_line' id='line_1_14' title="bbox 234 1445 1021 1513; baseline 0.009 -13"><span class='ocrx_word' id='word_1_97' title='bbox 234 1445 346 1501; x_wconf 88' lang='lat' dir='ltr'><strong>barbare</strong></span> <span class='ocrx_word' id='word_1_98' title='bbox 358 1447 455 1502; x_wconf 88' lang='lat' dir='ltr'><strong>stolam</strong></span> <span class='ocrx_word' id='word_1_99' title='bbox 471 1464 605 1513; x_wconf 74' lang='lat' dir='ltr'><strong>locamus,</strong></span> <span class='ocrx_word' id='word_1_100' title='bbox 622 1450 769 1505; x_wconf 91' lang='lat' dir='ltr'><strong>seeundum</strong></span> <span class='ocrx_word' id='word_1_101' title='bbox 793 1467 888 1506; x_wconf 85' lang='lat' dir='ltr'><strong>sottum</strong></span> <span class='ocrx_word' id='word_1_102' title='bbox 911 1453 1021 1508; x_wconf 86' lang='lat' dir='ltr'><strong>Germa-</strong></span> 
     </span>
     <span class='ocr_line' id='line_1_15' title="bbox 235 1535 1022 1612; baseline 0.015 -24"><span class='ocrx_word' id='word_1_103' title='bbox 235 1535 421 1608; x_wconf 74' lang='lat' dir='ltr'><strong>nicaelinguac)</strong></span> <span class='ocrx_word' id='word_1_104' title='bbox 439 1538 497 1606; x_wconf 84' lang='lat' dir='ltr'><strong>ejus</strong></span> <span class='ocrx_word' id='word_1_105' title='bbox 512 1554 609 1594; x_wconf 87' lang='lat' dir='ltr'><strong>nornen</strong></span> <span class='ocrx_word' id='word_1_106' title='bbox 623 1541 658 1594; x_wconf 90' lang='lat' dir='ltr'><strong>ab</strong></span> <span class='ocrx_word' id='word_1_107' title='bbox 677 1541 803 1595; x_wconf 79' lang='lat' dir='ltr'><strong>aestuario</strong></span> <span class='ocrx_word' id='word_1_108' title='bbox 825 1552 978 1612; x_wconf 87' lang='lat' dir='ltr'><strong>corruptum</strong></span> <span class='ocrx_word' id='word_1_109' title='bbox 995 1556 1022 1600; x_wconf 91' lang='lat' dir='ltr'><strong>et</strong></span> 
     </span>
     <span class='ocr_line' id='line_1_16' title="bbox 235 1626 1019 1694; baseline 0.011 -15"><span class='ocrx_word' id='word_1_110' title='bbox 235 1626 404 1692; x_wconf 83' lang='lat' dir='ltr'><strong>depravatum</strong></span> <span class='ocrx_word' id='word_1_111' title='bbox 430 1642 508 1694; x_wconf 85' lang='lat' dir='ltr'><strong>esse,</strong></span> <span class='ocrx_word' id='word_1_112' title='bbox 531 1644 590 1684; x_wconf 91' lang='lat' dir='ltr'><strong>eam</strong></span> <span class='ocrx_word' id='word_1_113' title='bbox 617 1630 718 1685; x_wconf 82' lang='lat' dir='ltr'><strong>Plinius</strong></span> <span class='ocrx_word' id='word_1_114' title='bbox 740 1631 886 1687; x_wconf 88' lang='lat' dir='ltr'><strong>caldariam</strong></span> <span class='ocrx_word' id='word_1_115' title='bbox 906 1635 1019 1689; x_wconf 84' lang='lat' dir='ltr'><strong>vocarit.</strong></span> 
     </span>
     <span class='ocr_line' id='line_1_17' title="bbox 235 1711 1019 1790; baseline 0.013 -23"><span class='ocrx_word' id='word_1_116' title='bbox 235 1711 300 1768; x_wconf 84' lang='lat' dir='ltr'><strong>llam</strong></span> <span class='ocrx_word' id='word_1_117' title='bbox 322 1714 367 1770; x_wconf 93' lang='lat' dir='ltr'><strong>ubi</strong></span> <span class='ocrx_word' id='word_1_118' title='bbox 388 1715 524 1785; x_wconf 84' lang='lat' dir='ltr'><strong>lavamur,</strong></span> <span class='ocrx_word' id='word_1_119' title='bbox 544 1717 667 1774; x_wconf 90' lang='lat' dir='ltr'><strong>balneum</strong></span> <span class='ocrx_word' id='word_1_120' title='bbox 692 1721 799 1790; x_wconf 89' lang='lat' dir='ltr'><strong>proprie</strong></span> <span class='ocrx_word' id='word_1_121' title='bbox 816 1721 922 1778; x_wconf 88' lang='lat' dir='ltr'><strong>dicitnr.</strong></span> <span class='ocrx_word' id='word_1_122' title='bbox 939 1727 1019 1779; x_wconf 79' lang='lat' dir='ltr'><strong>bont-</strong></span> 
     </span>
     <span class='ocr_line' id='line_1_18' title="bbox 235 1816 310 1859; baseline -0.027 0"><span class='ocrx_word' id='word_1_123' title='bbox 235 1816 310 1859; x_wconf 84' lang='lat' dir='ltr'><strong>cota.</strong></span> 
     </span>
    </p>

    <p class='ocr_par' dir='ltr' id='par_1_6' title="bbox 235 1896 1024 2789">
     <span class='ocr_line' id='line_1_19' title="bbox 268 1896 1019 1972; baseline 0.012 -20"><span class='ocrx_word' id='word_1_124' title='bbox 268 1896 398 1968; x_wconf 82' lang='lat' dir='ltr'><strong>Cantium]</strong></span> <span class='ocrx_word' id='word_1_125' title='bbox 409 1897 541 1971; x_wconf 80' lang='grc' dir='ltr'>Ακαίομαι</span> <span class='ocrx_word' id='word_1_126' title='bbox 553 1899 657 1968; x_wconf 77' lang='lat' dir='ltr'><strong>Graece,</strong></span> <span class='ocrx_word' id='word_1_127' title='bbox 673 1903 744 1972; x_wconf 88' lang='lat' dir='ltr'><strong>quod</strong></span> <span class='ocrx_word' id='word_1_128' title='bbox 755 1914 795 1959; x_wconf 88' lang='lat' dir='ltr'><strong>est</strong></span> <span class='ocrx_word' id='word_1_129' title='bbox 808 1905 1019 1972; x_wconf 88' lang='lat' dir='ltr'><strong>arde0,dieitur;</strong></span> 
     </span>
     <span class='ocr_line' id='line_1_20' title="bbox 236 1990 1021 2055; baseline 0.011 -9"><span class='ocrx_word' id='word_1_130' title='bbox 236 2004 293 2046; x_wconf 86' lang='lat' dir='ltr'><strong>com</strong></span> <span class='ocrx_word' id='word_1_131' title='bbox 311 1990 405 2048; x_wconf 90' lang='lat' dir='ltr'><strong>Latine</strong></span> <span class='ocrx_word' id='word_1_132' title='bbox 426 1993 553 2049; x_wconf 77' lang='lat' dir='ltr'><strong>Martialis</strong></span> <span class='ocrx_word' id='word_1_133' title='bbox 569 1993 711 2050; x_wconf 78' lang='lat' dir='ltr'><strong>fumarium</strong></span> <span class='ocrx_word' id='word_1_134' title='bbox 730 2000 834 2052; x_wconf 81' lang='lat' dir='ltr'><strong>roravit</strong></span> <span class='ocrx_word' id='word_1_135' title='bbox 858 2015 864 2051; x_wconf 93' lang='lat'><strong>:</strong></span> <span class='ocrx_word' id='word_1_136' title='bbox 894 2001 944 2054; x_wconf 92' lang='lat' dir='ltr'><strong>boe</strong></span> <span class='ocrx_word' id='word_1_137' title='bbox 963 2001 1021 2055; x_wconf 93' lang='lat' dir='ltr'><strong>luco</strong></span> 
     </span>
     <span class='ocr_line' id='line_1_21' title="bbox 236 2082 1021 2159; baseline 0.011 -24"><span class='ocrx_word' id='word_1_138' title='bbox 236 2095 281 2149; x_wconf 89' lang='lat' dir='ltr'><strong>per</strong></span> <span class='ocrx_word' id='word_1_139' title='bbox 295 2082 477 2152; x_wconf 81' lang='lat' dir='ltr'><strong>metaphoram</strong></span> <span class='ocrx_word' id='word_1_140' title='bbox 492 2085 621 2154; x_wconf 79' lang='lat' dir='ltr'><strong>accipitur</strong></span> <span class='ocrx_word' id='word_1_141' title='bbox 632 2101 680 2155; x_wconf 90' lang='lat' dir='ltr'><strong>pro</strong></span> <span class='ocrx_word' id='word_1_142' title='bbox 689 2095 767 2143; x_wconf 89' lang='lat' dir='ltr'><strong>antro</strong></span> <span class='ocrx_word' id='word_1_143' title='bbox 779 2088 821 2142; x_wconf 87' lang='lat' dir='ltr'><strong>tel</strong></span> <span class='ocrx_word' id='word_1_144' title='bbox 833 2103 958 2156; x_wconf 82' lang='lat' dir='ltr'><strong>caverna,</strong></span> <span class='ocrx_word' id='word_1_145' title='bbox 974 2106 1021 2159; x_wconf 90' lang='lat' dir='ltr'><strong>per</strong></span> 
     </span>
     <span class='ocr_line' id='line_1_22' title="bbox 235 2169 1020 2239; baseline 0.014 -15"><span class='ocrx_word' id='word_1_146' title='bbox 235 2183 313 2239; x_wconf 79' lang='lat' dir='ltr'><strong>quam</strong></span> <span class='ocrx_word' id='word_1_147' title='bbox 329 2169 447 2228; x_wconf 83' lang='lat' dir='ltr'><strong>Vesevus</strong></span> <span class='ocrx_word' id='word_1_148' title='bbox 460 2172 580 2229; x_wconf 91' lang='lat' dir='ltr'><strong>llammas</strong></span> <span class='ocrx_word' id='word_1_149' title='bbox 593 2178 699 2230; x_wconf 88' lang='lat' dir='ltr'><strong>eurittit.</strong></span> <span class='ocrx_word' id='word_1_150' title='bbox 716 2177 835 2233; x_wconf 81' lang='lat' dir='ltr'><strong>Vesevus</strong></span> <span class='ocrx_word' id='word_1_151' title='bbox 851 2194 926 2234; x_wconf 89' lang='lat' dir='ltr'><strong>mons</strong></span> <span class='ocrx_word' id='word_1_152' title='bbox 942 2189 982 2235; x_wconf 87' lang='lat' dir='ltr'><strong>est</strong></span> <span class='ocrx_word' id='word_1_153' title='bbox 994 2181 1020 2235; x_wconf 91' lang='lat' dir='ltr'><strong>lu</strong></span> 
     </span>
     <span class='ocr_line' id='line_1_23' title="bbox 236 2260 1020 2342; baseline 0.013 -26"><span class='ocrx_word' id='word_1_154' title='bbox 236 2260 390 2333; x_wconf 69' lang='lat' dir='ltr'><strong>llampania,</strong></span> <span class='ocrx_word' id='word_1_155' title='bbox 404 2279 455 2321; x_wconf 92' lang='lat' dir='ltr'><strong>uon</strong></span> <span class='ocrx_word' id='word_1_156' title='bbox 473 2265 550 2337; x_wconf 91' lang='lat' dir='ltr'><strong>louge</strong></span> <span class='ocrx_word' id='word_1_157' title='bbox 569 2282 583 2319; x_wconf 91' lang='lat' dir='ltr'><strong>a</strong></span> <span class='ocrx_word' id='word_1_158' title='bbox 599 2267 708 2338; x_wconf 78' lang='lat' dir='ltr'><strong>Neapoli</strong></span> <span class='ocrx_word' id='word_1_159' title='bbox 732 2284 839 2340; x_wconf 85' lang='lat' dir='ltr'><strong>semper</strong></span> <span class='ocrx_word' id='word_1_160' title='bbox 853 2271 961 2341; x_wconf 88' lang='lat' dir='ltr'><strong>ardeus,</strong></span> <span class='ocrx_word' id='word_1_161' title='bbox 976 2275 1020 2342; x_wconf 87' lang='lat' dir='ltr'><strong>qui</strong></span> 
     </span>
     <span class='ocr_line' id='line_1_24' title="bbox 237 2357 1021 2430; baseline 0.015 -24"><span class='ocrx_word' id='word_1_162' title='bbox 237 2365 423 2424; x_wconf 83' lang='lat' dir='ltr'><strong>aotrrtuuquam</strong></span> <span class='ocrx_word' id='word_1_163' title='bbox 438 2357 669 2413; x_wconf 82' lang='lat' dir='ltr'><strong>tantisardoribos</strong></span> <span class='ocrx_word' id='word_1_164' title='bbox 691 2361 806 2430; x_wconf 78' lang='lat' dir='ltr'><strong>agitatur</strong></span> <span class='ocrx_word' id='word_1_165' title='bbox 822 2371 850 2416; x_wconf 89' lang='lat' dir='ltr'><strong>et</strong></span> <span class='ocrx_word' id='word_1_166' title='bbox 870 2371 976 2429; x_wconf 76' lang='lat' dir='ltr'><strong>aestuat,</strong></span> <span class='ocrx_word' id='word_1_167' title='bbox 993 2374 1021 2418; x_wconf 94' lang='lat' dir='ltr'><strong>ut</strong></span> 
     </span>
     <span class='ocr_line' id='line_1_25' title="bbox 237 2445 1021 2519; baseline 0.011 -18"><span class='ocrx_word' id='word_1_168' title='bbox 237 2445 323 2501; x_wconf 86' lang='lat' dir='ltr'><strong>omnia</strong></span> <span class='ocrx_word' id='word_1_169' title='bbox 340 2448 427 2503; x_wconf 83' lang='lat' dir='ltr'><strong>ticina</strong></span> <span class='ocrx_word' id='word_1_170' title='bbox 441 2458 518 2504; x_wconf 86' lang='lat' dir='ltr'><strong>terrac</strong></span> <span class='ocrx_word' id='word_1_171' title='bbox 537 2452 653 2506; x_wconf 85' lang='lat' dir='ltr'><strong>anotibns</strong></span> <span class='ocrx_word' id='word_1_172' title='bbox 679 2452 802 2507; x_wconf 79' lang='lat' dir='ltr'><strong>marionis</strong></span> <span class='ocrx_word' id='word_1_173' title='bbox 824 2457 1021 2519; x_wconf 74' lang='lat' dir='ltr'><strong>concutiamur,</strong></span> 
     </span>
     <span class='ocr_line' id='line_1_26' title="bbox 237 2537 1023 2609; baseline 0.01 -17"><span class='ocrx_word' id='word_1_174' title='bbox 237 2537 289 2608; x_wconf 82' lang='lat' dir='ltr'><strong>agri</strong></span> <span class='ocrx_word' id='word_1_175' title='bbox 304 2548 425 2609; x_wconf 88' lang='lat' dir='ltr'><strong>tegantur</strong></span> <span class='ocrx_word' id='word_1_176' title='bbox 436 2541 579 2596; x_wconf 68' lang='lat' dir='ltr'><strong>cineribus.</strong></span> <span class='ocrx_word' id='word_1_177' title='bbox 595 2541 642 2596; x_wconf 85' lang='lat' dir='ltr'><strong>Est</strong></span> <span class='ocrx_word' id='word_1_178' title='bbox 652 2551 679 2597; x_wconf 90' lang='lat' dir='ltr'><strong>ct</strong></span> <span class='ocrx_word' id='word_1_179' title='bbox 691 2542 760 2598; x_wconf 91' lang='lat' dir='ltr'><strong>alius</strong></span> <span class='ocrx_word' id='word_1_180' title='bbox 774 2543 911 2600; x_wconf 75' lang='lat' dir='ltr'><strong>immensae</strong></span> <span class='ocrx_word' id='word_1_181' title='bbox 925 2547 1023 2600; x_wconf 88' lang='lat' dir='ltr'><strong>altitu-</strong></span> 
     </span>
     <span class='ocr_line' id='line_1_27' title="bbox 237 2626 1024 2710; baseline 0.008 -28"><span class='ocrx_word' id='word_1_182' title='bbox 237 2626 304 2683; x_wconf 79' lang='lat' dir='ltr'><strong>dinis</strong></span> <span class='ocrx_word' id='word_1_183' title='bbox 317 2629 343 2684; x_wconf 93' lang='lat' dir='ltr'><strong>in</strong></span> <span class='ocrx_word' id='word_1_184' title='bbox 355 2631 476 2700; x_wconf 89' lang='lat' dir='ltr'><strong>lllpibus,</strong></span> <span class='ocrx_word' id='word_1_185' title='bbox 491 2630 535 2699; x_wconf 91' lang='lat' dir='ltr'><strong>qui</strong></span> <span class='ocrx_word' id='word_1_186' title='bbox 552 2631 674 2697; x_wconf 79' lang='lat' dir='ltr'><strong>Vesulus,</strong></span> <span class='ocrx_word' id='word_1_187' title='bbox 691 2648 743 2687; x_wconf 92' lang='lat' dir='ltr'><strong>non</strong></span> <span class='ocrx_word' id='word_1_188' title='bbox 761 2634 880 2710; x_wconf 78' lang='lat' dir='ltr'><strong>llesetus</strong></span> <span class='ocrx_word' id='word_1_189' title='bbox 903 2637 943 2706; x_wconf 85' lang='lat' dir='ltr'><strong>(ut</strong></span> <span class='ocrx_word' id='word_1_190' title='bbox 957 2650 1024 2690; x_wconf 91' lang='lat' dir='ltr'><strong>nou-</strong></span> 
     </span>
     <span class='ocr_line' id='line_1_28' title="bbox 237 2719 829 2789; baseline 0.014 -15"><span class='ocrx_word' id='word_1_191' title='bbox 237 2719 301 2774; x_wconf 90' lang='lat' dir='ltr'><strong>oulli</strong></span> <span class='ocrx_word' id='word_1_192' title='bbox 317 2719 414 2778; x_wconf 85' lang='lat' dir='ltr'><strong>indocti</strong></span> <span class='ocrx_word' id='word_1_193' title='bbox 428 2720 529 2789; x_wconf 83' lang='lat' dir='ltr'><strong>dicunt)</strong></span> <span class='ocrx_word' id='word_1_194' title='bbox 547 2734 667 2776; x_wconf 79' lang='lat' dir='ltr'><strong>vocatur.</strong></span> <span class='ocrx_word' id='word_1_195' title='bbox 683 2726 829 2783; x_wconf 81' lang='lat' dir='ltr'><strong>Aemcott.</strong></span> 
     </span>
    </p>

    <p class='ocr_par' dir='ltr' id='par_1_7' title="bbox 238 2800 1025 2968">
     <span class='ocr_line' id='line_1_29' title="bbox 271 2800 1025 2890; baseline 0.009 -24"><span class='ocrx_word' id='word_1_196' title='bbox 271 2810 368 2882; x_wconf 72' lang='lat' dir='ltr'><strong>Celsos]</strong></span> <span class='ocrx_word' id='word_1_197' title='bbox 382 2813 403 2867; x_wconf 83' lang='lat' dir='ltr'><strong>tl</strong></span> <span class='ocrx_word' id='word_1_198' title='bbox 418 2813 486 2869; x_wconf 92' lang='lat' dir='ltr'><strong>eello</strong></span> <span class='ocrx_word' id='word_1_199' title='bbox 506 2812 631 2869; x_wconf 86' lang='lat' dir='ltr'><strong>inusitato</strong></span> <span class='ocrx_word' id='word_1_200' title='bbox 653 2816 734 2872; x_wconf 87' lang='lat' dir='ltr'><strong>verbo</strong></span> <span class='ocrx_word' id='word_1_201' title='bbox 757 2818 865 2888; x_wconf 87' lang='lat' dir='ltr'><strong>dicitur,</strong></span> <span class='ocrx_word' id='word_1_202' title='bbox 880 2819 950 2875; x_wconf 85' lang='lat' dir='ltr'><strong>narde</strong></span> <span class='ocrx_word' id='word_1_203' title='bbox 965 2800 1025 2890; x_wconf 88' lang='lat' dir='ltr'><strong>per·</strong></span> 
     </span>
     <span class='ocr_line' id='line_1_30' title="bbox 238 2903 891 2968; baseline 0.005 -9"><span class='ocrx_word' id='word_1_204' title='bbox 238 2904 315 2968; x_wconf 82' lang='lat' dir='ltr'><strong>cello,</strong></span> <span class='ocrx_word' id='word_1_205' title='bbox 328 2903 440 2968; x_wconf 81' lang='lat' dir='ltr'><strong>excello,</strong></span> <span class='ocrx_word' id='word_1_206' title='bbox 454 2905 585 2961; x_wconf 87' lang='lat' dir='ltr'><strong>antecello</strong></span> <span class='ocrx_word' id='word_1_207' title='bbox 600 2906 733 2962; x_wconf 90' lang='lat' dir='ltr'><strong>dicuntur.</strong></span> <span class='ocrx_word' id='word_1_208' title='bbox 746 2907 891 2964; x_wconf 74' lang='lat' dir='ltr'><strong>bantcota.</strong></span> 
     </span>
    </p>

    <p class='ocr_par' dir='ltr' id='par_1_8' title="bbox 238 2992 1025 3146">
     <span class='ocr_line' id='line_1_31' title="bbox 270 2992 1025 3066; baseline 0.013 -19"><span class='ocrx_word' id='word_1_209' title='bbox 270 2992 370 3065; x_wconf 76' lang='lat' dir='ltr'><strong>Turris]</strong></span> <span class='ocrx_word' id='word_1_210' title='bbox 380 2995 461 3062; x_wconf 81' lang='lat' dir='ltr'><strong>Quasi</strong></span> <span class='ocrx_word' id='word_1_211' title='bbox 473 2997 561 3063; x_wconf 90' lang='lat' dir='ltr'><strong>terris,</strong></span> <span class='ocrx_word' id='word_1_212' title='bbox 574 2997 634 3066; x_wconf 90' lang='lat' dir='ltr'><strong>quia</strong></span> <span class='ocrx_word' id='word_1_213' title='bbox 655 2997 746 3054; x_wconf 91' lang='lat' dir='ltr'><strong>bostcs</strong></span> <span class='ocrx_word' id='word_1_214' title='bbox 761 3007 870 3066; x_wconf 89' lang='lat' dir='ltr'><strong>terreat,</strong></span> <span class='ocrx_word' id='word_1_215' title='bbox 887 3000 957 3058; x_wconf 90' lang='lat' dir='ltr'><strong>dieta</strong></span> <span class='ocrx_word' id='word_1_216' title='bbox 974 3011 1025 3057; x_wconf 89' lang='lat' dir='ltr'><strong>est.</strong></span> 
     </span>
     <span class='ocr_line' id='line_1_32' title="bbox 238 3087 383 3146; baseline -0.014 -4"><span class='ocrx_word' id='word_1_217' title='bbox 238 3087 383 3146; x_wconf 75' lang='lat' dir='ltr'><strong>Acnrcota.</strong></span> 
     </span>
    </p>
   </div>
   <div class='ocr_carea' id='block_1_5' title="bbox 272 3178 1063 3255">
    <p class='ocr_par' dir='ltr' id='par_1_9' title="bbox 272 3178 1063 3255">
     <span class='ocr_line' id='line_1_33' title="bbox 272 3178 1063 3255; baseline 0.006 -21"><span class='ocrx_word' id='word_1_218' title='bbox 272 3178 393 3251; x_wconf 82' lang='lat' dir='ltr'><strong>Fulmen]</strong></span> <span class='ocrx_word' id='word_1_219' title='bbox 406 3178 481 3237; x_wconf 87' lang='lat' dir='ltr'><strong>Sicut</strong></span> <span class='ocrx_word' id='word_1_220' title='bbox 494 3179 585 3252; x_wconf 86' lang='lat' dir='ltr'><strong>lutgur</strong></span> <span class='ocrx_word' id='word_1_221' title='bbox 597 3196 613 3237; x_wconf 88' lang='lat' dir='ltr'><strong>a</strong></span> <span class='ocrx_word' id='word_1_222' title='bbox 623 3181 750 3253; x_wconf 89' lang='lat' dir='ltr'><strong>lulgendo</strong></span> <span class='ocrx_word' id='word_1_223' title='bbox 762 3181 863 3238; x_wconf 92' lang='lat' dir='ltr'><strong>dictum</strong></span> <span class='ocrx_word' id='word_1_224' title='bbox 878 3192 930 3239; x_wconf 92' lang='lat' dir='ltr'><strong>est.</strong></span> <span class='ocrx_word' id='word_1_225' title='bbox 943 3184 1063 3255; x_wconf 77' lang='lat' dir='ltr'><strong>dent-c</strong></span> 
     </span>
    </p>
   </div>
   <div class='ocr_carea' id='block_1_6' title="bbox 238 3286 1025 3510">
    <p class='ocr_par' dir='ltr' id='par_1_10' title="bbox 238 3286 1025 3510">
     <span class='ocr_line' id='line_1_34' title="bbox 271 3287 314 3327; baseline 0 -1"><span class='ocrx_word' id='word_1_226' title='bbox 271 3287 314 3327; x_wconf 85' lang='lat' dir='ltr'><strong>tu.</strong></span> 
     </span>
     <span class='ocr_line' id='line_1_35' title="bbox 238 3286 1025 3438; baseline 0.004 -20"><span class='ocrx_word' id='word_1_227' title='bbox 238 3286 417 3435; x_wconf 66' lang='lat' dir='ltr'><strong>toTercentum]</strong></span> <span class='ocrx_word' id='word_1_228' title='bbox 431 3363 523 3419; x_wconf 83' lang='lat' dir='ltr'><strong>Graece</strong></span> <span class='ocrx_word' id='word_1_229' title='bbox 536 3365 681 3437; x_wconf 87' lang='lat' dir='ltr'><strong>principem</strong></span> <span class='ocrx_word' id='word_1_230' title='bbox 696 3366 836 3437; x_wconf 88' lang='lat' dir='ltr'><strong>signiticat.</strong></span> <span class='ocrx_word' id='word_1_231' title='bbox 852 3367 917 3423; x_wconf 88' lang='lat' dir='ltr'><strong>lude</strong></span> <span class='ocrx_word' id='word_1_232' title='bbox 932 3367 1025 3438; x_wconf 84' lang='lat' dir='ltr'><strong>l&#39;irgil.</strong></span> 
     </span>
     <span class='ocr_line' id='line_1_36' title="bbox 239 3454 532 3510; baseline 0.003 -2"><span class='ocrx_word' id='word_1_233' title='bbox 239 3455 304 3509; x_wconf 86' lang='lat' dir='ltr'><strong>tlitit</strong></span> <span class='ocrx_word' id='word_1_234' title='bbox 318 3455 344 3508; x_wconf 91' lang='lat' dir='ltr'><strong>in</strong></span> <span class='ocrx_word' id='word_1_235' title='bbox 355 3469 391 3508; x_wconf 86' lang='lat' dir='ltr'><strong>tn</strong></span> <span class='ocrx_word' id='word_1_236' title='bbox 405 3454 532 3510; x_wconf 84' lang='lat' dir='ltr'><strong>AEneid.·</strong></span> 
     </span>
    </p>
   </div>
   <div class='ocr_carea' id='block_1_7' title="bbox 330 3588 954 3654">
    <p class='ocr_par' dir='ltr' id='par_1_11' title="bbox 330 3588 954 3654">
     <span class='ocr_line' id='line_1_37' title="bbox 330 3588 954 3654; baseline 0.01 -18"><span class='ocrx_word' id='word_1_237' title='bbox 330 3589 390 3637; x_wconf 85' lang='lat' dir='ltr'><strong>Pars</strong></span> <span class='ocrx_word' id='word_1_238' title='bbox 402 3588 460 3637; x_wconf 88' lang='lat' dir='ltr'><strong>mibi</strong></span> <span class='ocrx_word' id='word_1_239' title='bbox 472 3588 536 3651; x_wconf 88' lang='lat' dir='ltr'><strong>paris</strong></span> <span class='ocrx_word' id='word_1_240' title='bbox 547 3590 604 3650; x_wconf 86' lang='lat' dir='ltr'><strong>erit,</strong></span> <span class='ocrx_word' id='word_1_241' title='bbox 616 3589 728 3640; x_wconf 83' lang='lat' dir='ltr'><strong>dextram</strong></span> <span class='ocrx_word' id='word_1_242' title='bbox 738 3593 851 3654; x_wconf 87' lang='lat' dir='ltr'><strong>tetigisse</strong></span> <span class='ocrx_word' id='word_1_243' title='bbox 860 3595 954 3654; x_wconf 82' lang='lat' dir='ltr'><strong>tyranni</strong></span> 
     </span>
    </p>
   </div>
   <div class='ocr_carea' id='block_1_8' title="bbox 238 3711 1031 5705">
    <p class='ocr_par' dir='ltr' id='par_1_12' title="bbox 238 3711 1028 4045">
     <span class='ocr_line' id='line_1_38' title="bbox 239 3711 1028 3784; baseline 0.01 -20"><span class='ocrx_word' id='word_1_244' title='bbox 239 3711 304 3780; x_wconf 79' lang='lat' dir='ltr'><strong>Qrtia</strong></span> <span class='ocrx_word' id='word_1_245' title='bbox 330 3727 393 3767; x_wconf 87' lang='lat' dir='ltr'><strong>uero</strong></span> <span class='ocrx_word' id='word_1_246' title='bbox 408 3712 494 3768; x_wconf 87' lang='lat' dir='ltr'><strong>Graeci</strong></span> <span class='ocrx_word' id='word_1_247' title='bbox 518 3728 625 3783; x_wconf 90' lang='lat' dir='ltr'><strong>semper</strong></span> <span class='ocrx_word' id='word_1_248' title='bbox 652 3715 794 3784; x_wconf 85' lang='lat' dir='ltr'><strong>cupierunt</strong></span> <span class='ocrx_word' id='word_1_249' title='bbox 816 3729 877 3770; x_wconf 89' lang='lat' dir='ltr'><strong>esse</strong></span> <span class='ocrx_word' id='word_1_250' title='bbox 899 3715 975 3770; x_wconf 89' lang='lat' dir='ltr'><strong>liberi</strong></span> <span class='ocrx_word' id='word_1_251' title='bbox 1000 3727 1028 3774; x_wconf 91' lang='grc' dir='ltr'><strong>ει</strong></span> 
     </span>
     <span class='ocr_line' id='line_1_39' title="bbox 239 3804 1027 3877; baseline 0.004 -17"><span class='ocrx_word' id='word_1_252' title='bbox 239 3804 297 3861; x_wconf 87' lang='grc' dir='ltr'>ιὶιιε</span> <span class='ocrx_word' id='word_1_253' title='bbox 317 3806 434 3874; x_wconf 86' lang='lat' dir='ltr'><strong>regibus,</strong></span> <span class='ocrx_word' id='word_1_254' title='bbox 460 3804 560 3861; x_wconf 93' lang='lat' dir='ltr'><strong>idcirco</strong></span> <span class='ocrx_word' id='word_1_255' title='bbox 585 3806 693 3877; x_wconf 84' lang='lat' dir='ltr'><strong>tyranni</strong></span> <span class='ocrx_word' id='word_1_256' title='bbox 721 3821 819 3861; x_wconf 90' lang='lat' dir='ltr'><strong>nornen</strong></span> <span class='ocrx_word' id='word_1_257' title='bbox 841 3806 911 3876; x_wconf 88' lang='lat' dir='ltr'><strong>apud</strong></span> <span class='ocrx_word' id='word_1_258' title='bbox 925 3823 983 3877; x_wconf 84' lang='lat' dir='ltr'><strong>cos,</strong></span> <span class='ocrx_word' id='word_1_259' title='bbox 1000 3819 1027 3863; x_wconf 89' lang='grc' dir='ltr'><strong>ει</strong></span> 
     </span>
     <span class='ocr_line' id='line_1_40' title="bbox 238 3895 1023 3967; baseline -0.003 -15"><span class='ocrx_word' id='word_1_260' title='bbox 238 3897 300 3952; x_wconf 87' lang='lat' dir='ltr'><strong>ltine</strong></span> <span class='ocrx_word' id='word_1_261' title='bbox 310 3896 379 3967; x_wconf 88' lang='lat' dir='ltr'><strong>apud</strong></span> <span class='ocrx_word' id='word_1_262' title='bbox 393 3909 488 3951; x_wconf 81' lang='lat' dir='ltr'><strong>omenes</strong></span> <span class='ocrx_word' id='word_1_263' title='bbox 497 3897 565 3952; x_wconf 91' lang='lat' dir='ltr'><strong>inter</strong></span> <span class='ocrx_word' id='word_1_264' title='bbox 578 3895 734 3951; x_wconf 87' lang='lat' dir='ltr'><strong>detestanda</strong></span> <span class='ocrx_word' id='word_1_265' title='bbox 746 3906 786 3949; x_wconf 88' lang='lat' dir='ltr'><strong>est</strong></span> <span class='ocrx_word' id='word_1_266' title='bbox 802 3896 932 3951; x_wconf 90' lang='lat' dir='ltr'><strong>babitum.</strong></span> <span class='ocrx_word' id='word_1_267' title='bbox 944 3898 1023 3953; x_wconf 82' lang='lat' dir='ltr'><strong>bont·</strong></span> 
     </span>
     <span class='ocr_line' id='line_1_41' title="bbox 239 4003 318 4045; baseline -0.051 0"><span class='ocrx_word' id='word_1_268' title='bbox 239 4003 318 4045; x_wconf 83' lang='lat' dir='ltr'><strong>cota.</strong></span> 
     </span>
    </p>

    <p class='ocr_par' dir='ltr' id='par_1_13' title="bbox 238 4077 1028 4506">
     <span class='ocr_line' id='line_1_42' title="bbox 273 4077 1028 4150; baseline 0.001 -17"><span class='ocrx_word' id='word_1_269' title='bbox 273 4077 463 4150; x_wconf 77' lang='lat' dir='ltr'><strong>Exarmaaeria]</strong></span> <span class='ocrx_word' id='word_1_270' title='bbox 477 4078 527 4133; x_wconf 89' lang='lat' dir='ltr'><strong>Pro</strong></span> <span class='ocrx_word' id='word_1_271' title='bbox 537 4077 700 4143; x_wconf 83' lang='lat' dir='ltr'><strong>exarmabis,</strong></span> <span class='ocrx_word' id='word_1_272' title='bbox 716 4087 745 4133; x_wconf 93' lang='lat' dir='ltr'><strong>ut</strong></span> <span class='ocrx_word' id='word_1_273' title='bbox 766 4078 821 4133; x_wconf 89' lang='lat' dir='ltr'><strong>lere</strong></span> <span class='ocrx_word' id='word_1_274' title='bbox 843 4078 898 4133; x_wconf 87' lang='lat' dir='ltr'><strong>uult</strong></span> <span class='ocrx_word' id='word_1_275' title='bbox 914 4079 1028 4135; x_wconf 84' lang='lat' dir='ltr'><strong>Priscia-</strong></span> 
     </span>
     <span class='ocr_line' id='line_1_43' title="bbox 240 4168 1028 4240; baseline -0.004 -12"><span class='ocrx_word' id='word_1_276' title='bbox 240 4184 292 4228; x_wconf 86' lang='lat' dir='ltr'><strong>nus</strong></span> <span class='ocrx_word' id='word_1_277' title='bbox 308 4171 392 4240; x_wconf 89' lang='lat' dir='ltr'><strong>aeeipi</strong></span> <span class='ocrx_word' id='word_1_278' title='bbox 406 4168 433 4224; x_wconf 91' lang='lat' dir='ltr'><strong>in</strong></span> <span class='ocrx_word' id='word_1_279' title='bbox 448 4169 598 4239; x_wconf 80' lang='lat' dir='ltr'><strong>hujusmodi</strong></span> <span class='ocrx_word' id='word_1_280' title='bbox 614 4169 884 4240; x_wconf 84' lang='lat' dir='ltr'><strong>loeisconjunctirnm</strong></span> <span class='ocrx_word' id='word_1_281' title='bbox 901 4186 949 4240; x_wconf 92' lang='lat' dir='ltr'><strong>pro</strong></span> <span class='ocrx_word' id='word_1_282' title='bbox 960 4171 1028 4226; x_wconf 91' lang='lat' dir='ltr'><strong>indi·</strong></span> 
     </span>
     <span class='ocr_line' id='line_1_44' title="bbox 239 4261 1028 4335; baseline -0.004 -15"><span class='ocrx_word' id='word_1_283' title='bbox 239 4266 337 4330; x_wconf 85' lang='lat' dir='ltr'><strong>catittr,</strong></span> <span class='ocrx_word' id='word_1_284' title='bbox 352 4279 503 4335; x_wconf 84' lang='lat' dir='ltr'><strong>quanquam</strong></span> <span class='ocrx_word' id='word_1_285' title='bbox 526 4272 614 4317; x_wconf 90' lang='lat' dir='ltr'><strong>tamen</strong></span> <span class='ocrx_word' id='word_1_286' title='bbox 637 4261 705 4318; x_wconf 89' lang='lat' dir='ltr'><strong>lortc</strong></span> <span class='ocrx_word' id='word_1_287' title='bbox 728 4263 827 4317; x_wconf 90' lang='lat' dir='ltr'><strong>rectius</strong></span> <span class='ocrx_word' id='word_1_288' title='bbox 842 4263 1028 4332; x_wconf 83' lang='lat' dir='ltr'><strong>itaterprembi·</strong></span> 
     </span>
     <span class='ocr_line' id='line_1_45' title="bbox 239 4352 1026 4426; baseline -0.005 -15"><span class='ocrx_word' id='word_1_289' title='bbox 239 4371 299 4411; x_wconf 87' lang='lat' dir='ltr'><strong>mur</strong></span> <span class='ocrx_word' id='word_1_290' title='bbox 312 4370 359 4425; x_wconf 92' lang='lat' dir='ltr'><strong>pcr</strong></span> <span class='ocrx_word' id='word_1_291' title='bbox 376 4357 470 4426; x_wconf 83' lang='lat' dir='ltr'><strong>poteria</strong></span> <span class='ocrx_word' id='word_1_292' title='bbox 485 4369 617 4408; x_wconf 80' lang='lat' dir='ltr'><strong>exarmare</strong></span> <span class='ocrx_word' id='word_1_293' title='bbox 632 4352 690 4416; x_wconf 88' lang='lat' dir='ltr'><strong>uel,</strong></span> <span class='ocrx_word' id='word_1_294' title='bbox 708 4363 744 4407; x_wconf 85' lang='lat' dir='ltr'><strong>eat</strong></span> <span class='ocrx_word' id='word_1_295' title='bbox 762 4363 789 4406; x_wconf 90' lang='lat' dir='ltr'><strong>ut</strong></span> <span class='ocrx_word' id='word_1_296' title='bbox 808 4369 930 4407; x_wconf 76' lang='lat' dir='ltr'><strong>exarmet.</strong></span> <span class='ocrx_word' id='word_1_297' title='bbox 944 4354 1026 4407; x_wconf 81' lang='lat' dir='ltr'><strong>bonr-</strong></span> 
     </span>
     <span class='ocr_line' id='line_1_46' title="bbox 238 4466 317 4506; baseline -0.038 0"><span class='ocrx_word' id='word_1_298' title='bbox 238 4466 317 4506; x_wconf 83' lang='lat' dir='ltr'><strong>cota.</strong></span> 
     </span>
    </p>

    <p class='ocr_par' dir='ltr' id='par_1_14' title="bbox 239 4536 1029 5236">
     <span class='ocr_line' id='line_1_47' title="bbox 276 4536 1025 4613; baseline -0.011 -17"><span class='ocrx_word' id='word_1_299' title='bbox 276 4539 417 4613; x_wconf 84' lang='lat' dir='ltr'><strong>lntpotena]</strong></span> <span class='ocrx_word' id='word_1_300' title='bbox 431 4540 565 4610; x_wconf 86' lang='lat' dir='ltr'><strong>impotens</strong></span> <span class='ocrx_word' id='word_1_301' title='bbox 586 4538 683 4593; x_wconf 91' lang='lat' dir='ltr'><strong>dicitur</strong></span> <span class='ocrx_word' id='word_1_302' title='bbox 705 4537 860 4607; x_wconf 90' lang='lat' dir='ltr'><strong>plerumque</strong></span> <span class='ocrx_word' id='word_1_303' title='bbox 888 4536 914 4589; x_wconf 91' lang='lat' dir='ltr'><strong>in</strong></span> <span class='ocrx_word' id='word_1_304' title='bbox 931 4536 1025 4589; x_wconf 90' lang='lat' dir='ltr'><strong>malam</strong></span> 
     </span>
     <span class='ocr_line' id='line_1_48' title="bbox 239 4626 1025 4703; baseline -0.013 -14"><span class='ocrx_word' id='word_1_305' title='bbox 239 4646 352 4703; x_wconf 90' lang='lat' dir='ltr'><strong>partem,</strong></span> <span class='ocrx_word' id='word_1_306' title='bbox 364 4641 458 4687; x_wconf 89' lang='lat' dir='ltr'><strong>utnon</strong></span> <span class='ocrx_word' id='word_1_307' title='bbox 476 4633 511 4687; x_wconf 94' lang='lat' dir='ltr'><strong>sit</strong></span> <span class='ocrx_word' id='word_1_308' title='bbox 535 4631 605 4687; x_wconf 90' lang='lat' dir='ltr'><strong>idem</strong></span> <span class='ocrx_word' id='word_1_309' title='bbox 620 4630 689 4701; x_wconf 92' lang='lat' dir='ltr'><strong>quod</strong></span> <span class='ocrx_word' id='word_1_310' title='bbox 703 4628 798 4683; x_wconf 90' lang='lat' dir='ltr'><strong>debilis</strong></span> <span class='ocrx_word' id='word_1_311' title='bbox 811 4628 852 4681; x_wconf 86' lang='lat' dir='ltr'><strong>trel</strong></span> <span class='ocrx_word' id='word_1_312' title='bbox 877 4626 1025 4694; x_wconf 86' lang='lat' dir='ltr'><strong>imbecillis,</strong></span> 
     </span>
     <span class='ocr_line' id='line_1_49' title="bbox 239 4718 1028 4796; baseline -0.008 -16"><span class='ocrx_word' id='word_1_313' title='bbox 239 4724 285 4781; x_wconf 87' lang='lat' dir='ltr'><strong>sed</strong></span> <span class='ocrx_word' id='word_1_314' title='bbox 299 4726 344 4796; x_wconf 91' lang='lat' dir='ltr'><strong>qui</strong></span> <span class='ocrx_word' id='word_1_315' title='bbox 355 4739 409 4778; x_wconf 91' lang='lat' dir='ltr'><strong>non</strong></span> <span class='ocrx_word' id='word_1_316' title='bbox 424 4734 518 4794; x_wconf 90' lang='lat' dir='ltr'><strong>potens</strong></span> <span class='ocrx_word' id='word_1_317' title='bbox 541 4723 593 4787; x_wconf 88' lang='lat' dir='ltr'><strong>sui,</strong></span> <span class='ocrx_word' id='word_1_318' title='bbox 608 4733 639 4777; x_wconf 89' lang='lat' dir='ltr'><strong>ut</strong></span> <span class='ocrx_word' id='word_1_319' title='bbox 661 4729 723 4776; x_wconf 84' lang='lat' dir='ltr'><strong>suttt</strong></span> <span class='ocrx_word' id='word_1_320' title='bbox 738 4719 894 4790; x_wconf 88' lang='lat' dir='ltr'><strong>pierumque</strong></span> <span class='ocrx_word' id='word_1_321' title='bbox 906 4718 1028 4774; x_wconf 91' lang='lat' dir='ltr'><strong>bomines</strong></span> 
     </span>
     <span class='ocr_line' id='line_1_50' title="bbox 239 4810 1027 4886; baseline -0.008 -16"><span class='ocrx_word' id='word_1_322' title='bbox 239 4816 370 4886; x_wconf 88' lang='lat' dir='ltr'><strong>lomagna</strong></span> <span class='ocrx_word' id='word_1_323' title='bbox 386 4815 491 4869; x_wconf 77' lang='lat' dir='ltr'><strong>fortuna</strong></span> <span class='ocrx_word' id='word_1_324' title='bbox 506 4814 595 4883; x_wconf 83' lang='lat' dir='ltr'><strong>positi.</strong></span> <span class='ocrx_word' id='word_1_325' title='bbox 607 4813 642 4866; x_wconf 90' lang='lat' dir='ltr'><strong>lta</strong></span> <span class='ocrx_word' id='word_1_326' title='bbox 658 4811 723 4866; x_wconf 90' lang='lat' dir='ltr'><strong>dicit</strong></span> <span class='ocrx_word' id='word_1_327' title='bbox 737 4811 839 4864; x_wconf 90' lang='lat' dir='ltr'><strong>Plinius</strong></span> <span class='ocrx_word' id='word_1_328' title='bbox 850 4810 874 4864; x_wconf 94' lang='lat' dir='ltr'><strong>in</strong></span> <span class='ocrx_word' id='word_1_329' title='bbox 888 4810 1027 4880; x_wconf 87' lang='lat' dir='ltr'><strong>epistolis:</strong></span> 
     </span>
     <span class='ocr_line' id='line_1_51' title="bbox 240 4901 1029 4976; baseline -0.008 -14"><span class='ocrx_word' id='word_1_330' title='bbox 240 4906 394 4976; x_wconf 17' lang='lat' dir='ltr'><strong>Sciogquam</strong></span> <span class='ocrx_word' id='word_1_331' title='bbox 406 4906 440 4960; x_wconf 92' lang='lat' dir='ltr'><strong>sit</strong></span> <span class='ocrx_word' id='word_1_332' title='bbox 461 4919 535 4959; x_wconf 88' lang='lat' dir='ltr'><strong>amor</strong></span> <span class='ocrx_word' id='word_1_333' title='bbox 550 4904 683 4973; x_wconf 88' lang='lat' dir='ltr'><strong>impotens</strong></span> <span class='ocrx_word' id='word_1_334' title='bbox 697 4916 813 4971; x_wconf 84' lang='lat' dir='ltr'><strong>semper.</strong></span> <span class='ocrx_word' id='word_1_335' title='bbox 833 4901 876 4957; x_wconf 87' lang='lat' dir='ltr'><strong>Sic</strong></span> <span class='ocrx_word' id='word_1_336' title='bbox 889 4904 970 4958; x_wconf 92' lang='lat' dir='ltr'><strong>etiam</strong></span> <span class='ocrx_word' id='word_1_337' title='bbox 987 4902 1029 4956; x_wconf 91' lang='lat' dir='ltr'><strong>di-</strong></span> 
     </span>
     <span class='ocr_line' id='line_1_52' title="bbox 241 4990 1027 5063; baseline -0.005 -13"><span class='ocrx_word' id='word_1_338' title='bbox 241 4998 326 5051; x_wconf 90' lang='lat' dir='ltr'><strong>elmos</strong></span> <span class='ocrx_word' id='word_1_339' title='bbox 335 4994 514 5062; x_wconf 88' lang='lat' dir='ltr'><strong>impatientem</strong></span> <span class='ocrx_word' id='word_1_340' title='bbox 527 4994 636 5059; x_wconf 89' lang='lat' dir='ltr'><strong>amoris,</strong></span> <span class='ocrx_word' id='word_1_341' title='bbox 649 4993 830 5063; x_wconf 90' lang='lat' dir='ltr'><strong>impatientem</strong></span> <span class='ocrx_word' id='word_1_342' title='bbox 838 4990 895 5056; x_wconf 80' lang='lat' dir='ltr'><strong>irae,</strong></span> <span class='ocrx_word' id='word_1_343' title='bbox 906 4992 1027 5061; x_wconf 90' lang='lat' dir='ltr'><strong>nunquia</strong></span> 
     </span>
     <span class='ocr_line' id='line_1_53' title="bbox 242 5083 1029 5156; baseline -0.003 -14"><span class='ocrx_word' id='word_1_344' title='bbox 242 5099 295 5142; x_wconf 90' lang='lat' dir='ltr'><strong>noo</strong></span> <span class='ocrx_word' id='word_1_345' title='bbox 307 5085 434 5156; x_wconf 90' lang='lat' dir='ltr'><strong>patiatur,</strong></span> <span class='ocrx_word' id='word_1_346' title='bbox 449 5084 495 5139; x_wconf 90' lang='lat' dir='ltr'><strong>scd</strong></span> <span class='ocrx_word' id='word_1_347' title='bbox 506 5084 566 5154; x_wconf 90' lang='lat' dir='ltr'><strong>qnia</strong></span> <span class='ocrx_word' id='word_1_348' title='bbox 582 5099 634 5138; x_wconf 91' lang='lat' dir='ltr'><strong>uon</strong></span> <span class='ocrx_word' id='word_1_349' title='bbox 658 5084 800 5140; x_wconf 88' lang='lat' dir='ltr'><strong>commode</strong></span> <span class='ocrx_word' id='word_1_350' title='bbox 811 5083 936 5154; x_wconf 90' lang='lat' dir='ltr'><strong>patiatur.</strong></span> <span class='ocrx_word' id='word_1_351' title='bbox 949 5088 1029 5141; x_wconf 83' lang='lat' dir='ltr'><strong>bout-</strong></span> 
     </span>
     <span class='ocr_line' id='line_1_54' title="bbox 240 5194 319 5236; baseline -0.038 0"><span class='ocrx_word' id='word_1_352' title='bbox 240 5194 319 5236; x_wconf 83' lang='lat' dir='ltr'><strong>cota.</strong></span> 
     </span>
    </p>

    <p class='ocr_par' dir='ltr' id='par_1_15' title="bbox 240 5265 1031 5705">
     <span class='ocr_line' id='line_1_55' title="bbox 275 5265 1030 5344; baseline 0.001 -19"><span class='ocrx_word' id='word_1_353' title='bbox 275 5270 374 5344; x_wconf 68' lang='lat' dir='ltr'><strong>Abiecit</strong></span> <span class='ocrx_word' id='word_1_354' title='bbox 384 5270 510 5341; x_wconf 83' lang='lat' dir='ltr'><strong>clppeuur,</strong></span> <span class='ocrx_word' id='word_1_355' title='bbox 523 5267 629 5340; x_wconf 81' lang='lat' dir='ltr'><strong>locoque</strong></span> <span class='ocrx_word' id='word_1_356' title='bbox 641 5265 736 5340; x_wconf 83' lang='lat' dir='ltr'><strong>motus]</strong></span> <span class='ocrx_word' id='word_1_357' title='bbox 755 5267 935 5338; x_wconf 85' lang='lat' dir='ltr'><strong>Peripluasis,</strong></span> <span class='ocrx_word' id='word_1_358' title='bbox 950 5268 975 5323; x_wconf 91' lang='lat' dir='ltr'><strong>id</strong></span> <span class='ocrx_word' id='word_1_359' title='bbox 988 5279 1030 5326; x_wconf 90' lang='lat' dir='ltr'><strong>est</strong></span> 
     </span>
     <span class='ocr_line' id='line_1_56' title="bbox 241 5360 1028 5431; baseline -0.009 -10"><span class='ocrx_word' id='word_1_360' title='bbox 241 5363 441 5422; x_wconf 86' lang='lat' dir='ltr'><strong>circumlocutio</strong></span> <span class='ocrx_word' id='word_1_361' title='bbox 453 5369 494 5417; x_wconf 87' lang='lat' dir='ltr'><strong>est</strong></span> <span class='ocrx_word' id='word_1_362' title='bbox 506 5360 662 5427; x_wconf 86' lang='lat' dir='ltr'><strong>desertoris,</strong></span> <span class='ocrx_word' id='word_1_363' title='bbox 674 5361 718 5431; x_wconf 88' lang='lat' dir='ltr'><strong>qul</strong></span> <span class='ocrx_word' id='word_1_364' title='bbox 733 5361 821 5416; x_wconf 88' lang='lat' dir='ltr'><strong>locum</strong></span> <span class='ocrx_word' id='word_1_365' title='bbox 847 5361 872 5414; x_wconf 93' lang='lat' dir='ltr'><strong>in</strong></span> <span class='ocrx_word' id='word_1_366' title='bbox 884 5363 941 5416; x_wconf 88' lang='lat' dir='ltr'><strong>acie</strong></span> <span class='ocrx_word' id='word_1_367' title='bbox 952 5362 1001 5416; x_wconf 91' lang='lat' dir='ltr'><strong>sibi</strong></span> <span class='ocrx_word' id='word_1_368' title='bbox 1013 5376 1028 5414; x_wconf 90' lang='lat' dir='ltr'><strong>a</strong></span> 
     </span>
     <span class='ocr_line' id='line_1_57' title="bbox 242 5451 1029 5525; baseline -0.01 -11"><span class='ocrx_word' id='word_1_369' title='bbox 242 5457 309 5513; x_wconf 90' lang='lat' dir='ltr'><strong>duce</strong></span> <span class='ocrx_word' id='word_1_370' title='bbox 324 5460 485 5525; x_wconf 86' lang='lat' dir='ltr'><strong>assignatum</strong></span> <span class='ocrx_word' id='word_1_371' title='bbox 496 5451 632 5524; x_wconf 87' lang='lat' dir='ltr'><strong>relinquit.</strong></span> <span class='ocrx_word' id='word_1_372' title='bbox 645 5451 702 5507; x_wconf 87' lang='lat' dir='ltr'><strong>Non</strong></span> <span class='ocrx_word' id='word_1_373' title='bbox 715 5451 785 5506; x_wconf 91' lang='lat' dir='ltr'><strong>enim</strong></span> <span class='ocrx_word' id='word_1_374' title='bbox 797 5451 895 5506; x_wconf 84' lang='lat' dir='ltr'><strong>licebat</strong></span> <span class='ocrx_word' id='word_1_375' title='bbox 908 5451 1029 5507; x_wconf 89' lang='lat' dir='ltr'><strong>instituto</strong></span> 
     </span>
     <span class='ocr_line' id='line_1_58' title="bbox 240 5543 1027 5610; baseline -0.009 -5"><span class='ocrx_word' id='word_1_376' title='bbox 240 5549 447 5605; x_wconf 76' lang='lat' dir='ltr'><strong>militiaeueteris</strong></span> <span class='ocrx_word' id='word_1_377' title='bbox 462 5547 564 5603; x_wconf 79' lang='lat' dir='ltr'><strong>moueri</strong></span> <span class='ocrx_word' id='word_1_378' title='bbox 579 5545 648 5610; x_wconf 92' lang='lat' dir='ltr'><strong>loco,</strong></span> <span class='ocrx_word' id='word_1_379' title='bbox 660 5545 710 5601; x_wconf 89' lang='lat' dir='ltr'><strong>nisi</strong></span> <span class='ocrx_word' id='word_1_380' title='bbox 721 5544 832 5600; x_wconf 81' lang='lat' dir='ltr'><strong>leniendi</strong></span> <span class='ocrx_word' id='word_1_381' title='bbox 843 5543 928 5600; x_wconf 89' lang='lat' dir='ltr'><strong>hostis</strong></span> <span class='ocrx_word' id='word_1_382' title='bbox 938 5559 1027 5606; x_wconf 89' lang='lat' dir='ltr'><strong>eausa,</strong></span> 
     </span>
     <span class='ocr_line' id='line_1_59' title="bbox 242 5636 1031 5705; baseline -0.004 -11"><span class='ocrx_word' id='word_1_383' title='bbox 242 5641 283 5697; x_wconf 83' lang='lat' dir='ltr'><strong>rel</strong></span> <span class='ocrx_word' id='word_1_384' title='bbox 304 5642 426 5696; x_wconf 81' lang='lat' dir='ltr'><strong>servatadi</strong></span> <span class='ocrx_word' id='word_1_385' title='bbox 451 5640 532 5703; x_wconf 84' lang='lat' dir='ltr'><strong>ciris,</strong></span> <span class='ocrx_word' id='word_1_386' title='bbox 555 5639 596 5693; x_wconf 86' lang='lat' dir='ltr'><strong>rel</strong></span> <span class='ocrx_word' id='word_1_387' title='bbox 615 5638 766 5694; x_wconf 73' lang='lat' dir='ltr'><strong>resumendi</strong></span> <span class='ocrx_word' id='word_1_388' title='bbox 788 5637 844 5694; x_wconf 89' lang='lat' dir='ltr'><strong>tell.</strong></span> <span class='ocrx_word' id='word_1_389' title='bbox 873 5637 948 5705; x_wconf 81' lang='lat' dir='ltr'><strong>Quod</strong></span> <span class='ocrx_word' id='word_1_390' title='bbox 966 5636 1031 5692; x_wconf 89' lang='lat' dir='ltr'><strong>dicit</strong></span> 
     </span>
    </p>
   </div>
   <div class='ocr_carea' id='block_1_9' title="bbox 242 5721 1028 5800">
    <p class='ocr_par' dir='ltr' id='par_1_16' title="bbox 242 5721 1028 5800">
     <span class='ocr_line' id='line_1_60' title="bbox 242 5721 1028 5800; baseline -0.003 -16"><span class='ocrx_word' id='word_1_391' title='bbox 242 5739 342 5800; x_wconf 80' lang='lat' dir='ltr'><strong>autem,</strong></span> <span class='ocrx_word' id='word_1_392' title='bbox 358 5728 450 5800; x_wconf 79' lang='lat' dir='ltr'><strong>objecit</strong></span> <span class='ocrx_word' id='word_1_393' title='bbox 465 5728 593 5800; x_wconf 67' lang='lat' dir='ltr'><strong>elymum,</strong></span> <span class='ocrx_word' id='word_1_394' title='bbox 607 5728 698 5785; x_wconf 79' lang='lat' dir='ltr'><strong>allusit</strong></span> <span class='ocrx_word' id='word_1_395' title='bbox 725 5728 759 5783; x_wconf 91' lang='lat' dir='ltr'><strong>ad</strong></span> <span class='ocrx_word' id='word_1_396' title='bbox 784 5728 905 5785; x_wconf 78' lang='lat' dir='ltr'><strong>Graccum</strong></span> <span class='ocrx_word' id='word_1_397' title='bbox 931 5721 1028 5784; x_wconf 87' lang='lat' dir='ltr'><strong>nomen</strong></span> 
     </span>
    </p>
   </div>
   <div class='ocr_carea' id='block_1_10' title="bbox 1072 547 1867 1247">
    <p class='ocr_par' dir='ltr' id='par_1_17' title="bbox 1074 547 1284 616">
     <span class='ocr_line' id='line_1_61' title="bbox 1074 547 1284 616; baseline -0.019 -14"><span class='ocrx_word' id='word_1_398' title='bbox 1074 547 1124 616; x_wconf 87' lang='lat' dir='ltr'><strong>pei.</strong></span> <span class='ocrx_word' id='word_1_399' title='bbox 1139 547 1284 601; x_wconf 75' lang='lat' dir='ltr'><strong>boutema,</strong></span> 
     </span>
    </p>

    <p class='ocr_par' dir='ltr' id='par_1_18' title="bbox 1072 633 1867 1068">
     <span class='ocr_line' id='line_1_62' title="bbox 1108 633 1867 706; baseline -0.001 -15"><span class='ocrx_word' id='word_1_400' title='bbox 1108 639 1220 692; x_wconf 87' lang='lat' dir='ltr'><strong>iletrum</strong></span> <span class='ocrx_word' id='word_1_401' title='bbox 1235 634 1304 706; x_wconf 91' lang='lat' dir='ltr'><strong>quod</strong></span> <span class='ocrx_word' id='word_1_402' title='bbox 1320 635 1445 705; x_wconf 78' lang='lat' dir='ltr'><strong>Agricola</strong></span> <span class='ocrx_word' id='word_1_403' title='bbox 1459 645 1486 688; x_wconf 89' lang='lat' dir='ltr'><strong>et</strong></span> <span class='ocrx_word' id='word_1_404' title='bbox 1508 634 1553 688; x_wconf 90' lang='lat' dir='ltr'><strong>alii</strong></span> <span class='ocrx_word' id='word_1_405' title='bbox 1578 650 1630 688; x_wconf 85' lang='lat' dir='ltr'><strong>nort</strong></span> <span class='ocrx_word' id='word_1_406' title='bbox 1646 635 1721 703; x_wconf 91' lang='lat' dir='ltr'><strong>pauci</strong></span> <span class='ocrx_word' id='word_1_407' title='bbox 1744 633 1867 690; x_wconf 83' lang='lat' dir='ltr'><strong>Pitaleu·</strong></span> 
     </span>
     <span class='ocr_line' id='line_1_63' title="bbox 1072 725 1867 794; baseline -0.005 -12"><span class='ocrx_word' id='word_1_408' title='bbox 1072 730 1141 783; x_wconf 91' lang='lat' dir='ltr'><strong>cium</strong></span> <span class='ocrx_word' id='word_1_409' title='bbox 1157 737 1261 790; x_wconf 81' lang='lat' dir='ltr'><strong>uocatu,</strong></span> <span class='ocrx_word' id='word_1_410' title='bbox 1277 726 1396 794; x_wconf 83' lang='lat' dir='ltr'><strong>plerique</strong></span> <span class='ocrx_word' id='word_1_411' title='bbox 1408 741 1454 793; x_wconf 91' lang='lat' dir='ltr'><strong>per</strong></span> <span class='ocrx_word' id='word_1_412' title='bbox 1468 740 1490 778; x_wconf 80' lang='lat' dir='ltr'><strong>ec</strong></span> <span class='ocrx_word' id='word_1_413' title='bbox 1501 725 1683 794; x_wconf 82' lang='lat' dir='ltr'><strong>diphthongon</strong></span> <span class='ocrx_word' id='word_1_414' title='bbox 1699 727 1785 793; x_wconf 91' lang='lat' dir='ltr'><strong>potius</strong></span> <span class='ocrx_word' id='word_1_415' title='bbox 1803 726 1867 779; x_wconf 82' lang='lat' dir='ltr'><strong>i&#39;la-</strong></span> 
     </span>
     <span class='ocr_line' id='line_1_64' title="bbox 1074 815 1866 879; baseline -0.004 -7"><span class='ocrx_word' id='word_1_416' title='bbox 1074 819 1178 873; x_wconf 76' lang='lat' dir='ltr'><strong>larium</strong></span> <span class='ocrx_word' id='word_1_417' title='bbox 1194 818 1306 873; x_wconf 89' lang='lat' dir='ltr'><strong>dicuttt:</strong></span> <span class='ocrx_word' id='word_1_418' title='bbox 1324 816 1442 870; x_wconf 90' lang='lat' dir='ltr'><strong>nonnulli</strong></span> <span class='ocrx_word' id='word_1_419' title='bbox 1463 815 1646 879; x_wconf 85' lang='lat' dir='ltr'><strong>Plralecinum,</strong></span> <span class='ocrx_word' id='word_1_420' title='bbox 1666 816 1712 870; x_wconf 92' lang='lat' dir='ltr'><strong>alii</strong></span> <span class='ocrx_word' id='word_1_421' title='bbox 1728 815 1866 870; x_wconf 75' lang='lat' dir='ltr'><strong>etun-utt-</strong></span> 
     </span>
     <span class='ocr_line' id='line_1_65' title="bbox 1072 904 1865 971; baseline 0 -11"><span class='ocrx_word' id='word_1_422' title='bbox 1072 920 1132 960; x_wconf 91' lang='lat' dir='ltr'><strong>cum</strong></span> <span class='ocrx_word' id='word_1_423' title='bbox 1147 924 1152 957; x_wconf 94' lang='lat'>:</span> <span class='ocrx_word' id='word_1_424' title='bbox 1168 905 1214 959; x_wconf 90' lang='lat' dir='ltr'><strong>sed</strong></span> <span class='ocrx_word' id='word_1_425' title='bbox 1237 905 1384 959; x_wconf 81' lang='lat' dir='ltr'><strong>easetrdum</strong></span> <span class='ocrx_word' id='word_1_426' title='bbox 1402 906 1526 971; x_wconf 74' lang='lat' dir='ltr'><strong>ottoniae,</strong></span> <span class='ocrx_word' id='word_1_427' title='bbox 1542 920 1575 960; x_wconf 90' lang='lat' dir='ltr'><strong>nc</strong></span> <span class='ocrx_word' id='word_1_428' title='bbox 1596 921 1671 959; x_wconf 88' lang='lat' dir='ltr'><strong>mare</strong></span> <span class='ocrx_word' id='word_1_429' title='bbox 1694 904 1865 961; x_wconf 86' lang='lat' dir='ltr'><strong>indoctorum</strong></span> 
     </span>
     <span class='ocr_line' id='line_1_66' title="bbox 1073 996 1435 1068; baseline -0.011 -17"><span class='ocrx_word' id='word_1_430' title='bbox 1073 1012 1120 1068; x_wconf 86' lang='lat' dir='ltr'><strong>per</strong></span> <span class='ocrx_word' id='word_1_431' title='bbox 1134 1014 1151 1049; x_wconf 89' lang='grc' dir='ltr'><strong>ιι</strong></span> <span class='ocrx_word' id='word_1_432' title='bbox 1163 996 1302 1051; x_wconf 88' lang='lat' dir='ltr'><strong>laleucium</strong></span> <span class='ocrx_word' id='word_1_433' title='bbox 1316 1006 1435 1050; x_wconf 72' lang='lat' dir='ltr'><strong>uincetur.</strong></span> 
     </span>
    </p>

    <p class='ocr_par' dir='ltr' id='par_1_19' title="bbox 1074 1086 1866 1247">
     <span class='ocr_line' id='line_1_67' title="bbox 1108 1086 1865 1158; baseline 0.003 -17"><span class='ocrx_word' id='word_1_434' title='bbox 1108 1086 1231 1158; x_wconf 77' lang='lat' dir='ltr'><strong>Serenus]</strong></span> <span class='ocrx_word' id='word_1_435' title='bbox 1246 1087 1363 1141; x_wconf 80' lang='lat' dir='ltr'><strong>Nutibus</strong></span> <span class='ocrx_word' id='word_1_436' title='bbox 1373 1086 1600 1153; x_wconf 87' lang='lat' dir='ltr'><strong>perturbationum</strong></span> <span class='ocrx_word' id='word_1_437' title='bbox 1609 1101 1722 1140; x_wconf 79' lang='lat' dir='ltr'><strong>vacuus:</strong></span> <span class='ocrx_word' id='word_1_438' title='bbox 1733 1087 1865 1152; x_wconf 85' lang='lat' dir='ltr'><strong>quemad·</strong></span> 
     </span>
     <span class='ocr_line' id='line_1_68' title="bbox 1074 1179 1866 1247; baseline 0.005 -14"><span class='ocrx_word' id='word_1_439' title='bbox 1074 1179 1183 1233; x_wconf 86' lang='lat' dir='ltr'><strong>modum</strong></span> <span class='ocrx_word' id='word_1_440' title='bbox 1198 1189 1289 1233; x_wconf 86' lang='lat' dir='ltr'><strong>cetura</strong></span> <span class='ocrx_word' id='word_1_441' title='bbox 1304 1179 1330 1232; x_wconf 92' lang='lat' dir='ltr'><strong>iu</strong></span> <span class='ocrx_word' id='word_1_442' title='bbox 1346 1179 1439 1232; x_wconf 88' lang='lat' dir='ltr'><strong>ultimo</strong></span> <span class='ocrx_word' id='word_1_443' title='bbox 1457 1181 1534 1247; x_wconf 81' lang='lat' dir='ltr'><strong>liujus</strong></span> <span class='ocrx_word' id='word_1_444' title='bbox 1547 1181 1666 1234; x_wconf 85' lang='lat' dir='ltr'><strong>caratiae</strong></span> <span class='ocrx_word' id='word_1_445' title='bbox 1682 1179 1771 1234; x_wconf 82' lang='lat' dir='ltr'><strong>ruritila</strong></span> <span class='ocrx_word' id='word_1_446' title='bbox 1786 1195 1866 1237; x_wconf 77' lang='lat' dir='ltr'><strong>niens</strong></span> 
     </span>
    </p>
   </div>
   <div class='ocr_carea' id='block_1_11' title="bbox 1073 1270 1751 1421">
    <p class='ocr_par' dir='ltr' id='par_1_20' title="bbox 1073 1270 1751 1421">
     <span class='ocr_line' id='line_1_69' title="bbox 1073 1270 1723 1340; baseline 0.002 -16"><span class='ocrx_word' id='word_1_447' title='bbox 1073 1270 1179 1335; x_wconf 88' lang='lat' dir='ltr'><strong>dieitur,</strong></span> <span class='ocrx_word' id='word_1_448' title='bbox 1196 1273 1285 1340; x_wconf 89' lang='lat' dir='ltr'><strong>praris</strong></span> <span class='ocrx_word' id='word_1_449' title='bbox 1296 1270 1480 1327; x_wconf 84' lang='lat' dir='ltr'><strong>allectionibus</strong></span> <span class='ocrx_word' id='word_1_450' title='bbox 1493 1271 1616 1326; x_wconf 87' lang='lat' dir='ltr'><strong>obducta.</strong></span> <span class='ocrx_word' id='word_1_451' title='bbox 1634 1272 1723 1326; x_wconf 63' lang='lat' dir='ltr'><strong>liuida</strong></span> 
     </span>
     <span class='ocr_line' id='line_1_70' title="bbox 1165 1357 1751 1421; baseline 0.003 -13"><span class='ocrx_word' id='word_1_452' title='bbox 1165 1357 1273 1409; x_wconf 81' lang='lat' dir='ltr'><strong>Carmina</strong></span> <span class='ocrx_word' id='word_1_453' title='bbox 1287 1361 1433 1421; x_wconf 77' lang='lat' dir='ltr'><strong>prarreuiunt</strong></span> <span class='ocrx_word' id='word_1_454' title='bbox 1444 1362 1524 1408; x_wconf 86' lang='lat' dir='ltr'><strong>aniano</strong></span> <span class='ocrx_word' id='word_1_455' title='bbox 1536 1360 1639 1408; x_wconf 89' lang='lat' dir='ltr'><strong>deducta</strong></span> <span class='ocrx_word' id='word_1_456' title='bbox 1651 1372 1751 1410; x_wconf 86' lang='lat' dir='ltr'><strong>sereno.</strong></span> 
     </span>
    </p>
   </div>
   <div class='ocr_carea' id='block_1_12' title="bbox 1073 1442 1869 1790">
    <p class='ocr_par' dir='ltr' id='par_1_21' title="bbox 1073 1442 1869 1790">
     <span class='ocr_line' id='line_1_71' title="bbox 1073 1442 1866 1513; baseline 0.01 -17"><span class='ocrx_word' id='word_1_457' title='bbox 1073 1442 1204 1497; x_wconf 78' lang='lat' dir='ltr'><strong>blaesillae</strong></span> <span class='ocrx_word' id='word_1_458' title='bbox 1224 1444 1332 1498; x_wconf 71' lang='lat' dir='ltr'><strong>licinus</strong></span> <span class='ocrx_word' id='word_1_459' title='bbox 1347 1445 1372 1497; x_wconf 90' lang='lat' dir='ltr'><strong>in</strong></span> <span class='ocrx_word' id='word_1_460' title='bbox 1390 1446 1437 1500; x_wconf 92' lang='lat' dir='ltr'><strong>lib.</strong></span> <span class='ocrx_word' id='word_1_461' title='bbox 1449 1445 1547 1501; x_wconf 82' lang='lat' dir='ltr'><strong>l’lutini</strong></span> <span class='ocrx_word' id='word_1_462' title='bbox 1570 1449 1604 1502; x_wconf 92' lang='lat' dir='ltr'><strong>de</strong></span> <span class='ocrx_word' id='word_1_463' title='bbox 1620 1448 1801 1513; x_wconf 83' lang='lat' dir='ltr'><strong>beatitudine,</strong></span> <span class='ocrx_word' id='word_1_464' title='bbox 1817 1463 1866 1504; x_wconf 91' lang='lat' dir='ltr'><strong>ca-</strong></span> 
     </span>
     <span class='ocr_line' id='line_1_72' title="bbox 1073 1533 1868 1605; baseline 0.009 -18"><span class='ocrx_word' id='word_1_465' title='bbox 1073 1533 1127 1600; x_wconf 92' lang='lat' dir='ltr'><strong>pite</strong></span> <span class='ocrx_word' id='word_1_466' title='bbox 1143 1533 1190 1588; x_wconf 74' lang='lat' dir='ltr'><strong>te:</strong></span> <span class='ocrx_word' id='word_1_467' title='bbox 1201 1533 1319 1589; x_wconf 88' lang='lat' dir='ltr'><strong>Serenus</strong></span> <span class='ocrx_word' id='word_1_468' title='bbox 1333 1544 1422 1589; x_wconf 88' lang='lat' dir='ltr'><strong>autem</strong></span> <span class='ocrx_word' id='word_1_469' title='bbox 1433 1550 1539 1604; x_wconf 85' lang='lat' dir='ltr'><strong>semper</strong></span> <span class='ocrx_word' id='word_1_470' title='bbox 1551 1549 1591 1590; x_wconf 86' lang='lat' dir='ltr'><strong>est</strong></span> <span class='ocrx_word' id='word_1_471' title='bbox 1609 1538 1717 1605; x_wconf 83' lang='lat' dir='ltr'><strong>probus,</strong></span> <span class='ocrx_word' id='word_1_472' title='bbox 1727 1550 1868 1605; x_wconf 81' lang='lat' dir='ltr'><strong>statusque</strong></span> 
     </span>
     <span class='ocr_line' id='line_1_73' title="bbox 1073 1621 1867 1696; baseline 0.009 -21"><span class='ocrx_word' id='word_1_473' title='bbox 1073 1621 1131 1691; x_wconf 86' lang='lat' dir='ltr'><strong>ejus</strong></span> <span class='ocrx_word' id='word_1_474' title='bbox 1155 1624 1273 1692; x_wconf 90' lang='lat' dir='ltr'><strong>quietus,</strong></span> <span class='ocrx_word' id='word_1_475' title='bbox 1297 1623 1459 1692; x_wconf 79' lang='lat' dir='ltr'><strong>affectioque</strong></span> <span class='ocrx_word' id='word_1_476' title='bbox 1483 1625 1630 1693; x_wconf 82' lang='lat' dir='ltr'><strong>sultieieus,</strong></span> <span class='ocrx_word' id='word_1_477' title='bbox 1654 1641 1732 1696; x_wconf 89' lang='lat' dir='ltr'><strong>quam</strong></span> <span class='ocrx_word' id='word_1_478' title='bbox 1760 1629 1867 1683; x_wconf 86' lang='lat' dir='ltr'><strong>nollunt</strong></span> 
     </span>
     <span class='ocr_line' id='line_1_74' title="bbox 1073 1713 1869 1790; baseline 0.011 -24"><span class='ocrx_word' id='word_1_479' title='bbox 1073 1713 1183 1767; x_wconf 80' lang='lat' dir='ltr'><strong>cnarrino</strong></span> <span class='ocrx_word' id='word_1_480' title='bbox 1206 1729 1310 1779; x_wconf 90' lang='lat' dir='ltr'><strong>corum,</strong></span> <span class='ocrx_word' id='word_1_481' title='bbox 1334 1715 1379 1785; x_wconf 92' lang='lat' dir='ltr'><strong>qui</strong></span> <span class='ocrx_word' id='word_1_482' title='bbox 1396 1715 1464 1770; x_wconf 91' lang='lat' dir='ltr'><strong>mala</strong></span> <span class='ocrx_word' id='word_1_483' title='bbox 1478 1716 1617 1781; x_wconf 89' lang='lat' dir='ltr'><strong>dicuutur,</strong></span> <span class='ocrx_word' id='word_1_484' title='bbox 1630 1721 1650 1772; x_wconf 89' lang='lat' dir='ltr'><strong>si</strong></span> <span class='ocrx_word' id='word_1_485' title='bbox 1666 1718 1744 1773; x_wconf 83' lang='lat' dir='ltr'><strong>arando</strong></span> <span class='ocrx_word' id='word_1_486' title='bbox 1766 1723 1869 1790; x_wconf 84' lang='lat' dir='ltr'><strong>probos</strong></span> 
     </span>
    </p>
   </div>
   <div class='ocr_carea' id='block_1_13' title="bbox 1036 1804 1334 1884">
    <p class='ocr_par' dir='ltr' id='par_1_22' title="bbox 1036 1804 1334 1884">
     <span class='ocr_line' id='line_1_75' title="bbox 1036 1804 1334 1884; baseline 0.003 -27"><span class='ocrx_word' id='word_1_487' title='bbox 1036 1826 1057 1884; x_wconf 71' lang='lat' dir='ltr'>B</span> <span class='ocrx_word' id='word_1_488' title='bbox 1072 1804 1117 1858; x_wconf 87' lang='lat' dir='ltr'><strong>ille</strong></span> <span class='ocrx_word' id='word_1_489' title='bbox 1132 1804 1172 1865; x_wconf 86' lang='lat' dir='ltr'><strong>sit,</strong></span> <span class='ocrx_word' id='word_1_490' title='bbox 1187 1805 1334 1872; x_wconf 89' lang='lat' dir='ltr'><strong>perturbat.</strong></span> 
     </span>
    </p>
   </div>
   <div class='ocr_carea' id='block_1_14' title="bbox 1106 1890 1868 1963">
    <p class='ocr_par' dir='ltr' id='par_1_23' title="bbox 1106 1890 1868 1963">
     <span class='ocr_line' id='line_1_76' title="bbox 1106 1890 1868 1963; baseline 0.013 -20"><span class='ocrx_word' id='word_1_491' title='bbox 1106 1890 1213 1963; x_wconf 75' lang='lat' dir='ltr'><strong>Fatum]</strong></span> <span class='ocrx_word' id='word_1_492' title='bbox 1229 1893 1296 1958; x_wconf 79' lang='lat' dir='ltr'><strong>Quid</strong></span> <span class='ocrx_word' id='word_1_493' title='bbox 1312 1894 1347 1946; x_wconf 85' lang='lat' dir='ltr'><strong>sit</strong></span> <span class='ocrx_word' id='word_1_494' title='bbox 1363 1892 1431 1947; x_wconf 84' lang='lat' dir='ltr'><strong>intra</strong></span> <span class='ocrx_word' id='word_1_495' title='bbox 1443 1893 1469 1946; x_wconf 97' lang='lat' dir='ltr'><strong>in</strong></span> <span class='ocrx_word' id='word_1_496' title='bbox 1486 1910 1510 1947; x_wconf 88' lang='grc' dir='ltr'><strong>ιι</strong></span> <span class='ocrx_word' id='word_1_497' title='bbox 1523 1895 1568 1949; x_wconf 90' lang='lat' dir='ltr'><strong>lib.</strong></span> <span class='ocrx_word' id='word_1_498' title='bbox 1583 1892 1688 1951; x_wconf 74' lang='lat' dir='ltr'><strong>dicitnr]</strong></span> <span class='ocrx_word' id='word_1_499' title='bbox 1713 1896 1762 1951; x_wconf 90' lang='lat' dir='ltr'><strong>ilic</strong></span> <span class='ocrx_word' id='word_1_500' title='bbox 1776 1905 1868 1953; x_wconf 87' lang='lat' dir='ltr'><strong>autem</strong></span> 
     </span>
    </p>
   </div>
   <div class='ocr_carea' id='block_1_15' title="bbox 1072 1981 1869 2146">
    <p class='ocr_par' dir='ltr' id='par_1_24' title="bbox 1072 1981 1869 2146">
     <span class='ocr_line' id='line_1_77' title="bbox 1072 1981 1869 2051; baseline 0.013 -16"><span class='ocrx_word' id='word_1_501' title='bbox 1072 1995 1119 2050; x_wconf 90' lang='lat' dir='ltr'><strong>per</strong></span> <span class='ocrx_word' id='word_1_502' title='bbox 1132 1981 1214 2035; x_wconf 88' lang='lat' dir='ltr'><strong>latum</strong></span> <span class='ocrx_word' id='word_1_503' title='bbox 1230 1983 1341 2051; x_wconf 83' lang='lat' dir='ltr'><strong>accipe,</strong></span> <span class='ocrx_word' id='word_1_504' title='bbox 1364 1998 1395 2036; x_wconf 85' lang='lat' dir='ltr'><strong>et</strong></span> <span class='ocrx_word' id='word_1_505' title='bbox 1421 1984 1473 2039; x_wconf 83' lang='lat' dir='ltr'><strong>lato</strong></span> <span class='ocrx_word' id='word_1_506' title='bbox 1489 1984 1634 2040; x_wconf 77' lang='lat' dir='ltr'><strong>sortientia.</strong></span> <span class='ocrx_word' id='word_1_507' title='bbox 1651 1987 1760 2043; x_wconf 85' lang='lat' dir='ltr'><strong>Videtur</strong></span> <span class='ocrx_word' id='word_1_508' title='bbox 1774 1999 1869 2045; x_wconf 84' lang='lat' dir='ltr'><strong>autem</strong></span> 
     </span>
     <span class='ocr_line' id='line_1_78' title="bbox 1072 2072 1591 2146; baseline 0.002 -19"><span class='ocrx_word' id='word_1_509' title='bbox 1072 2073 1203 2139; x_wconf 85' lang='lat' dir='ltr'><strong>imitatus,</strong></span> <span class='ocrx_word' id='word_1_510' title='bbox 1217 2072 1281 2127; x_wconf 91' lang='lat' dir='ltr'><strong>illud</strong></span> <span class='ocrx_word' id='word_1_511' title='bbox 1295 2072 1389 2142; x_wconf 70' lang='lat' dir='ltr'><strong>virgil.</strong></span> <span class='ocrx_word' id='word_1_512' title='bbox 1405 2075 1431 2127; x_wconf 93' lang='lat' dir='ltr'><strong>in</strong></span> <span class='ocrx_word' id='word_1_513' title='bbox 1446 2091 1462 2128; x_wconf 94' lang='lat' dir='ltr'><strong>u</strong></span> <span class='ocrx_word' id='word_1_514' title='bbox 1478 2074 1591 2146; x_wconf 88' lang='lat' dir='ltr'><strong>Georg.:</strong></span> 
     </span>
    </p>
   </div>
   <div class='ocr_carea' id='block_1_16' title="bbox 1164 2163 1835 2351">
    <p class='ocr_par' dir='ltr' id='par_1_25' title="bbox 1164 2163 1835 2351">
     <span class='ocr_line' id='line_1_79' title="bbox 1164 2163 1752 2231; baseline 0.005 -18"><span class='ocrx_word' id='word_1_515' title='bbox 1164 2163 1244 2220; x_wconf 83' lang='lat' dir='ltr'><strong>Felix,</strong></span> <span class='ocrx_word' id='word_1_516' title='bbox 1256 2166 1297 2226; x_wconf 91' lang='lat' dir='ltr'><strong>qni</strong></span> <span class='ocrx_word' id='word_1_517' title='bbox 1311 2169 1387 2224; x_wconf 80' lang='lat' dir='ltr'><strong>ptotttil</strong></span> <span class='ocrx_word' id='word_1_518' title='bbox 1397 2179 1479 2213; x_wconf 84' lang='lat' dir='ltr'><strong>rerum</strong></span> <span class='ocrx_word' id='word_1_519' title='bbox 1494 2179 1645 2229; x_wconf 84' lang='lat' dir='ltr'><strong>cognoscere</strong></span> <span class='ocrx_word' id='word_1_520' title='bbox 1657 2178 1752 2231; x_wconf 86' lang='lat' dir='ltr'><strong>causas,</strong></span> 
     </span>
     <span class='ocr_line' id='line_1_80' title="bbox 1165 2227 1729 2286; baseline 0.007 -12"><span class='ocrx_word' id='word_1_521' title='bbox 1165 2227 1245 2286; x_wconf 77' lang='lat' dir='ltr'><strong>Atqne</strong></span> <span class='ocrx_word' id='word_1_522' title='bbox 1258 2235 1440 2285; x_wconf 81' lang='lat' dir='ltr'><strong>raretusomues,</strong></span> <span class='ocrx_word' id='word_1_523' title='bbox 1455 2235 1480 2275; x_wconf 88' lang='lat' dir='ltr'><strong>et</strong></span> <span class='ocrx_word' id='word_1_524' title='bbox 1492 2229 1643 2277; x_wconf 81' lang='lat' dir='ltr'><strong>inerorable</strong></span> <span class='ocrx_word' id='word_1_525' title='bbox 1655 2229 1729 2277; x_wconf 86' lang='lat' dir='ltr'><strong>iatum</strong></span> 
     </span>
     <span class='ocr_line' id='line_1_81' title="bbox 1164 2286 1835 2351; baseline 0.006 -14"><span class='ocrx_word' id='word_1_526' title='bbox 1164 2286 1274 2348; x_wconf 85' lang='lat' dir='ltr'><strong>Subjecit</strong></span> <span class='ocrx_word' id='word_1_527' title='bbox 1285 2289 1397 2350; x_wconf 87' lang='lat' dir='ltr'><strong>pedibus,</strong></span> <span class='ocrx_word' id='word_1_528' title='bbox 1407 2291 1587 2351; x_wconf 88' lang='lat' dir='ltr'><strong>strepitumque</strong></span> <span class='ocrx_word' id='word_1_529' title='bbox 1603 2292 1748 2340; x_wconf 72' lang='lat' dir='ltr'><strong>belimontis</strong></span> <span class='ocrx_word' id='word_1_530' title='bbox 1759 2293 1835 2342; x_wconf 73' lang='lat' dir='ltr'><strong>arari.</strong></span> 
     </span>
    </p>
   </div>
   <div class='ocr_carea' id='block_1_17' title="bbox 1074 2368 1706 2439">
    <p class='ocr_par' dir='ltr' id='par_1_26' title="bbox 1074 2368 1706 2439">
     <span class='ocr_line' id='line_1_82' title="bbox 1074 2368 1706 2439; baseline 0.011 -17"><span class='ocrx_word' id='word_1_531' title='bbox 1074 2369 1106 2423; x_wconf 81' lang='lat' dir='ltr'><strong>Et</strong></span> <span class='ocrx_word' id='word_1_532' title='bbox 1116 2368 1181 2424; x_wconf 88' lang='lat' dir='ltr'><strong>illud</strong></span> <span class='ocrx_word' id='word_1_533' title='bbox 1192 2372 1301 2424; x_wconf 83' lang='lat' dir='ltr'><strong>Seneem</strong></span> <span class='ocrx_word' id='word_1_534' title='bbox 1316 2371 1406 2439; x_wconf 87' lang='lat' dir='ltr'><strong>tragici</strong></span> <span class='ocrx_word' id='word_1_535' title='bbox 1423 2372 1449 2424; x_wconf 91' lang='lat' dir='ltr'><strong>in</strong></span> <span class='ocrx_word' id='word_1_536' title='bbox 1463 2373 1573 2426; x_wconf 92' lang='lat' dir='ltr'><strong>llerculc</strong></span> <span class='ocrx_word' id='word_1_537' title='bbox 1587 2372 1681 2430; x_wconf 82' lang='lat' dir='ltr'><strong>OEbeo</strong></span> <span class='ocrx_word' id='word_1_538' title='bbox 1698 2393 1706 2429; x_wconf 76' lang='grc' dir='ltr'>ε</span> 
     </span>
    </p>
   </div>
   <div class='ocr_carea' id='block_1_18' title="bbox 1165 2458 1654 2704">
    <p class='ocr_par' dir='ltr' id='par_1_27' title="bbox 1165 2458 1654 2704">
     <span class='ocr_line' id='line_1_83' title="bbox 1166 2458 1629 2521; baseline -0.004 -12"><span class='ocrx_word' id='word_1_539' title='bbox 1166 2458 1280 2520; x_wconf 86' lang='lat' dir='ltr'><strong>Quisquis</strong></span> <span class='ocrx_word' id='word_1_540' title='bbox 1292 2461 1337 2507; x_wconf 87' lang='lat' dir='ltr'><strong>snit</strong></span> <span class='ocrx_word' id='word_1_541' title='bbox 1351 2459 1454 2520; x_wconf 89' lang='lat' dir='ltr'><strong>pedibus</strong></span> <span class='ocrx_word' id='word_1_542' title='bbox 1465 2459 1511 2508; x_wconf 89' lang='lat' dir='ltr'><strong>iata</strong></span> <span class='ocrx_word' id='word_1_543' title='bbox 1523 2463 1629 2521; x_wconf 88' lang='lat' dir='ltr'><strong>rapaela,</strong></span> 
     </span>
     <span class='ocr_line' id='line_1_84' title="bbox 1165 2519 1609 2582; baseline 0.005 -13"><span class='ocrx_word' id='word_1_544' title='bbox 1165 2519 1195 2569; x_wconf 80' lang='lat' dir='ltr'><strong>Et</strong></span> <span class='ocrx_word' id='word_1_545' title='bbox 1206 2533 1311 2582; x_wconf 87' lang='lat' dir='ltr'><strong>puppem</strong></span> <span class='ocrx_word' id='word_1_546' title='bbox 1322 2523 1401 2582; x_wconf 66' lang='lat' dir='ltr'><strong>posuit</strong></span> <span class='ocrx_word' id='word_1_547' title='bbox 1414 2523 1510 2569; x_wconf 83' lang='lat' dir='ltr'><strong>lttutiuis</strong></span> <span class='ocrx_word' id='word_1_548' title='bbox 1522 2523 1609 2582; x_wconf 86' lang='lat' dir='ltr'><strong>ultimi,</strong></span> 
     </span>
     <span class='ocr_line' id='line_1_85' title="bbox 1165 2580 1637 2642; baseline 0.002 -12"><span class='ocrx_word' id='word_1_549' title='bbox 1165 2580 1218 2630; x_wconf 85' lang='lat' dir='ltr'><strong>Non</strong></span> <span class='ocrx_word' id='word_1_550' title='bbox 1229 2584 1322 2642; x_wconf 87' lang='lat' dir='ltr'><strong>captiua</strong></span> <span class='ocrx_word' id='word_1_551' title='bbox 1333 2585 1402 2630; x_wconf 86' lang='lat' dir='ltr'><strong>dabit</strong></span> <span class='ocrx_word' id='word_1_552' title='bbox 1415 2583 1512 2630; x_wconf 83' lang='lat' dir='ltr'><strong>brarltia</strong></span> <span class='ocrx_word' id='word_1_553' title='bbox 1527 2585 1637 2642; x_wconf 78' lang='lat' dir='ltr'><strong>sitientis,</strong></span> 
     </span>
     <span class='ocr_line' id='line_1_86' title="bbox 1166 2642 1654 2704; baseline 0.006 -14"><span class='ocrx_word' id='word_1_554' title='bbox 1166 2642 1219 2692; x_wconf 81' lang='lat' dir='ltr'><strong>lieo</strong></span> <span class='ocrx_word' id='word_1_555' title='bbox 1232 2655 1325 2704; x_wconf 85' lang='lat' dir='ltr'><strong>potttpae</strong></span> <span class='ocrx_word' id='word_1_556' title='bbox 1337 2645 1421 2692; x_wconf 84' lang='lat' dir='ltr'><strong>reniet</strong></span> <span class='ocrx_word' id='word_1_557' title='bbox 1433 2645 1515 2693; x_wconf 89' lang='lat' dir='ltr'><strong>nobile</strong></span> <span class='ocrx_word' id='word_1_558' title='bbox 1527 2644 1654 2694; x_wconf 77' lang='lat' dir='ltr'><strong>ferculum.</strong></span> 
     </span>
    </p>
   </div>
   <div class='ocr_carea' id='block_1_19' title="bbox 1075 2723 1873 2885">
    <p class='ocr_par' dir='ltr' id='par_1_28' title="bbox 1075 2723 1873 2885">
     <span class='ocr_line' id='line_1_87' title="bbox 1075 2723 1873 2797; baseline 0.006 -18"><span class='ocrx_word' id='word_1_559' title='bbox 1075 2723 1141 2779; x_wconf 88' lang='lat' dir='ltr'><strong>item</strong></span> <span class='ocrx_word' id='word_1_560' title='bbox 1156 2724 1275 2793; x_wconf 76' lang='lat' dir='ltr'><strong>ejusdem</strong></span> <span class='ocrx_word' id='word_1_561' title='bbox 1301 2740 1394 2779; x_wconf 71' lang='lat' dir='ltr'><strong>uarrsns</strong></span> <span class='ocrx_word' id='word_1_562' title='bbox 1408 2726 1632 2792; x_wconf 69' lang='lat' dir='ltr'><strong>elegantissimos,</strong></span> <span class='ocrx_word' id='word_1_563' title='bbox 1653 2727 1775 2797; x_wconf 71' lang='lat' dir='ltr'><strong>quieuit</strong></span> <span class='ocrx_word' id='word_1_564' title='bbox 1795 2728 1823 2781; x_wconf 91' lang='lat' dir='ltr'><strong>in</strong></span> <span class='ocrx_word' id='word_1_565' title='bbox 1839 2746 1873 2784; x_wconf 78' lang='lat' dir='ltr'><strong>ca</strong></span> 
     </span>
     <span class='ocr_line' id='line_1_88' title="bbox 1075 2811 1538 2885; baseline 0.002 -18"><span class='ocrx_word' id='word_1_566' title='bbox 1075 2811 1215 2883; x_wconf 86' lang='lat' dir='ltr'><strong>tmgoedia,</strong></span> <span class='ocrx_word' id='word_1_567' title='bbox 1229 2813 1271 2867; x_wconf 93' lang='lat' dir='ltr'><strong>cni</strong></span> <span class='ocrx_word' id='word_1_568' title='bbox 1286 2813 1379 2867; x_wconf 85' lang='lat' dir='ltr'><strong>titrrlus</strong></span> <span class='ocrx_word' id='word_1_569' title='bbox 1389 2813 1538 2885; x_wconf 75' lang='lat' dir='ltr'><strong>Thyestes:</strong></span> 
     </span>
    </p>
   </div>
   <div class='ocr_carea' id='block_1_20' title="bbox 1198 2919 1590 4207">
    <p class='ocr_par' dir='ltr' id='par_1_29' title="bbox 1198 2919 1556 3047">
     <span class='ocr_line' id='line_1_89' title="bbox 1198 2919 1556 2985; baseline 0.014 -17"><span class='ocrx_word' id='word_1_570' title='bbox 1198 2919 1252 2969; x_wconf 83' lang='lat' dir='ltr'><strong>Rea</strong></span> <span class='ocrx_word' id='word_1_571' title='bbox 1265 2929 1313 2979; x_wconf 86' lang='lat' dir='ltr'><strong>est,</strong></span> <span class='ocrx_word' id='word_1_572' title='bbox 1322 2922 1364 2983; x_wconf 91' lang='lat' dir='ltr'><strong>qui</strong></span> <span class='ocrx_word' id='word_1_573' title='bbox 1375 2925 1454 2984; x_wconf 78' lang='lat' dir='ltr'><strong>proserit</strong></span> <span class='ocrx_word' id='word_1_574' title='bbox 1466 2932 1556 2985; x_wconf 89' lang='lat' dir='ltr'><strong>metus,</strong></span> 
     </span>
     <span class='ocr_line' id='line_1_90' title="bbox 1199 2981 1482 3047; baseline -0.004 -15"><span class='ocrx_word' id='word_1_575' title='bbox 1199 2981 1230 3032; x_wconf 85' lang='lat' dir='ltr'><strong>Et</strong></span> <span class='ocrx_word' id='word_1_576' title='bbox 1239 2983 1284 3030; x_wconf 85' lang='lat' dir='ltr'><strong>diri</strong></span> <span class='ocrx_word' id='word_1_577' title='bbox 1296 2988 1357 3031; x_wconf 87' lang='lat' dir='ltr'><strong>mala</strong></span> <span class='ocrx_word' id='word_1_578' title='bbox 1368 2993 1422 3043; x_wconf 86' lang='lat' dir='ltr'><strong>pact</strong></span> <span class='ocrx_word' id='word_1_579' title='bbox 1439 2987 1482 3047; x_wconf 76' lang='lat' dir='ltr'><strong>ris,</strong></span> 
     </span>
    </p>

    <p class='ocr_par' dir='ltr' id='par_1_30' title="bbox 1200 3045 1584 3226">
     <span class='ocr_line' id='line_1_91' title="bbox 1200 3045 1584 3108; baseline 0.013 -18"><span class='ocrx_word' id='word_1_580' title='bbox 1200 3045 1278 3100; x_wconf 74' lang='lat' dir='ltr'><strong>vatem</strong></span> <span class='ocrx_word' id='word_1_581' title='bbox 1290 3058 1336 3093; x_wconf 77' lang='lat' dir='ltr'><strong>trano</strong></span> <span class='ocrx_word' id='word_1_582' title='bbox 1346 3045 1446 3092; x_wconf 86' lang='lat' dir='ltr'><strong>aaubitio</strong></span> <span class='ocrx_word' id='word_1_583' title='bbox 1455 3046 1584 3108; x_wconf 87' lang='lat' dir='ltr'><strong>impotens,</strong></span> 
     </span>
     <span class='ocr_line' id='line_1_92' title="bbox 1200 3104 1543 3163; baseline 0.009 -10"><span class='ocrx_word' id='word_1_584' title='bbox 1200 3104 1230 3153; x_wconf 83' lang='lat' dir='ltr'><strong>Et</strong></span> <span class='ocrx_word' id='word_1_585' title='bbox 1242 3119 1361 3163; x_wconf 78' lang='lat' dir='ltr'><strong>statuquaur</strong></span> <span class='ocrx_word' id='word_1_586' title='bbox 1374 3107 1467 3156; x_wconf 80' lang='lat' dir='ltr'><strong>stabias</strong></span> <span class='ocrx_word' id='word_1_587' title='bbox 1477 3107 1543 3156; x_wconf 85' lang='lat' dir='ltr'><strong>lavor</strong></span> 
     </span>
     <span class='ocr_line' id='line_1_93' title="bbox 1200 3164 1516 3226; baseline 0.013 -14"><span class='ocrx_word' id='word_1_588' title='bbox 1200 3164 1272 3226; x_wconf 78' lang='lat' dir='ltr'><strong>Vulgi</strong></span> <span class='ocrx_word' id='word_1_589' title='bbox 1285 3168 1414 3226; x_wconf 80' lang='lat' dir='ltr'><strong>praecipitas</strong></span> <span class='ocrx_word' id='word_1_590' title='bbox 1426 3174 1516 3224; x_wconf 78' lang='lat' dir='ltr'><strong>irroret,</strong></span> 
     </span>
    </p>

    <p class='ocr_par' dir='ltr' id='par_1_31' title="bbox 1201 3226 1586 3351">
     <span class='ocr_line' id='line_1_94' title="bbox 1201 3226 1586 3294; baseline 0.023 -20"><span class='ocrx_word' id='word_1_591' title='bbox 1201 3226 1253 3275; x_wconf 79' lang='lat' dir='ltr'><strong>liou</strong></span> <span class='ocrx_word' id='word_1_592' title='bbox 1264 3228 1378 3288; x_wconf 85' lang='lat' dir='ltr'><strong>qrridquld</strong></span> <span class='ocrx_word' id='word_1_593' title='bbox 1392 3228 1451 3277; x_wconf 79' lang='lat' dir='ltr'><strong>ladit</strong></span> <span class='ocrx_word' id='word_1_594' title='bbox 1461 3231 1586 3294; x_wconf 74' lang='lat' dir='ltr'><strong>occidens,</strong></span> 
     </span>
     <span class='ocr_line' id='line_1_95' title="bbox 1201 3288 1499 3351; baseline 0.013 -15"><span class='ocrx_word' id='word_1_595' title='bbox 1201 3288 1251 3336; x_wconf 81' lang='lat' dir='ltr'><strong>Atat</strong></span> <span class='ocrx_word' id='word_1_596' title='bbox 1261 3289 1324 3336; x_wconf 87' lang='lat' dir='ltr'><strong>utrda</strong></span> <span class='ocrx_word' id='word_1_597' title='bbox 1335 3289 1416 3351; x_wconf 80' lang='lat' dir='ltr'><strong>&#39;fagus</strong></span> <span class='ocrx_word' id='word_1_598' title='bbox 1425 3303 1499 3340; x_wconf 82' lang='lat' dir='ltr'><strong>aurea</strong></span> 
     </span>
    </p>

    <p class='ocr_par' dir='ltr' id='par_1_32' title="bbox 1200 3349 1572 3656">
     <span class='ocr_line' id='line_1_96' title="bbox 1200 3349 1475 3411; baseline 0.007 -14"><span class='ocrx_word' id='word_1_599' title='bbox 1200 3349 1271 3397; x_wconf 79' lang='lat' dir='ltr'><strong>Claro</strong></span> <span class='ocrx_word' id='word_1_600' title='bbox 1282 3350 1381 3399; x_wconf 81' lang='lat' dir='ltr'><strong>devebit</strong></span> <span class='ocrx_word' id='word_1_601' title='bbox 1395 3351 1475 3411; x_wconf 76' lang='lat' dir='ltr'><strong>alueo,</strong></span> 
     </span>
     <span class='ocr_line' id='line_1_97' title="bbox 1201 3409 1558 3472; baseline 0.011 -14"><span class='ocrx_word' id='word_1_602' title='bbox 1201 3409 1379 3472; x_wconf 79' lang='lat' dir='ltr'><strong>Nonquidquid</strong></span> <span class='ocrx_word' id='word_1_603' title='bbox 1392 3412 1485 3461; x_wconf 77' lang='lat' dir='ltr'><strong>libicis</strong></span> <span class='ocrx_word' id='word_1_604' title='bbox 1501 3416 1558 3463; x_wconf 80' lang='lat' dir='ltr'><strong>terit</strong></span> 
     </span>
     <span class='ocr_line' id='line_1_98' title="bbox 1202 3470 1525 3522; baseline 0.012 -4"><span class='ocrx_word' id='word_1_605' title='bbox 1202 3470 1314 3520; x_wconf 81' lang='lat' dir='ltr'><strong>Ferreus</strong></span> <span class='ocrx_word' id='word_1_606' title='bbox 1325 3485 1381 3519; x_wconf 62' lang='lat' dir='ltr'><strong>arna</strong></span> <span class='ocrx_word' id='word_1_607' title='bbox 1396 3476 1525 3522; x_wconf 69' lang='lat' dir='ltr'><strong>messibus.</strong></span> 
     </span>
     <span class='ocr_line' id='line_1_99' title="bbox 1201 3533 1572 3589; baseline 0.019 -10"><span class='ocrx_word' id='word_1_608' title='bbox 1201 3533 1279 3589; x_wconf 77' lang='lat' dir='ltr'><strong>Oneum</strong></span> <span class='ocrx_word' id='word_1_609' title='bbox 1292 3545 1338 3580; x_wconf 90' lang='lat' dir='ltr'><strong>nott</strong></span> <span class='ocrx_word' id='word_1_610' title='bbox 1348 3536 1473 3583; x_wconf 86' lang='lat' dir='ltr'><strong>concutiet</strong></span> <span class='ocrx_word' id='word_1_611' title='bbox 1482 3539 1572 3586; x_wconf 78' lang='lat' dir='ltr'><strong>caelebs</strong></span> 
     </span>
     <span class='ocr_line' id='line_1_100' title="bbox 1203 3591 1479 3656; baseline 0.014 -15"><span class='ocrx_word' id='word_1_612' title='bbox 1203 3591 1301 3656; x_wconf 87' lang='lat' dir='ltr'><strong>bbltqut</strong></span> <span class='ocrx_word' id='word_1_613' title='bbox 1315 3598 1351 3641; x_wconf 86' lang='lat' dir='ltr'><strong>via</strong></span> <span class='ocrx_word' id='word_1_614' title='bbox 1364 3594 1479 3654; x_wconf 74' lang='lat' dir='ltr'><strong>balanitae,</strong></span> 
     </span>
    </p>

    <p class='ocr_par' dir='ltr' id='par_1_33' title="bbox 1200 3652 1590 4021">
     <span class='ocr_line' id='line_1_101' title="bbox 1200 3652 1535 3720; baseline 0.006 -16"><span class='ocrx_word' id='word_1_615' title='bbox 1200 3652 1254 3704; x_wconf 85' lang='lat' dir='ltr'><strong>Non</strong></span> <span class='ocrx_word' id='word_1_616' title='bbox 1264 3667 1339 3704; x_wconf 89' lang='lat' dir='ltr'><strong>eurus</strong></span> <span class='ocrx_word' id='word_1_617' title='bbox 1349 3662 1446 3717; x_wconf 76' lang='lat' dir='ltr'><strong>rapiens</strong></span> <span class='ocrx_word' id='word_1_618' title='bbox 1458 3669 1535 3720; x_wconf 85' lang='lat' dir='ltr'><strong>artare,</strong></span> 
     </span>
     <span class='ocr_line' id='line_1_102' title="bbox 1201 3717 1512 3776; baseline 0.016 -13"><span class='ocrx_word' id='word_1_619' title='bbox 1201 3717 1251 3764; x_wconf 79' lang='lat' dir='ltr'><strong>Aut</strong></span> <span class='ocrx_word' id='word_1_620' title='bbox 1261 3728 1326 3764; x_wconf 81' lang='lat' dir='ltr'><strong>atero</strong></span> <span class='ocrx_word' id='word_1_621' title='bbox 1338 3719 1435 3776; x_wconf 62' lang='lat' dir='ltr'><strong>rapidas</strong></span> <span class='ocrx_word' id='word_1_622' title='bbox 1448 3717 1512 3768; x_wconf 86' lang='lat' dir='ltr'><strong>trelo</strong></span> 
     </span>
     <span class='ocr_line' id='line_1_103' title="bbox 1202 3777 1500 3839; baseline 0.007 -14"><span class='ocrx_word' id='word_1_623' title='bbox 1202 3777 1304 3826; x_wconf 73' lang='lat' dir='ltr'><strong>Ventus&#39;t</strong></span> <span class='ocrx_word' id='word_1_624' title='bbox 1314 3787 1393 3826; x_wconf 78' lang='lat' dir='ltr'><strong>tunam</strong></span> <span class='ocrx_word' id='word_1_625' title='bbox 1409 3780 1500 3839; x_wconf 76' lang='lat' dir='ltr'><strong>Adritr,</strong></span> 
     </span>
     <span class='ocr_line' id='line_1_104' title="bbox 1204 3839 1541 3903; baseline 0 -14"><span class='ocrx_word' id='word_1_626' title='bbox 1204 3840 1281 3896; x_wconf 77' lang='lat' dir='ltr'><strong>ilatum</strong></span> <span class='ocrx_word' id='word_1_627' title='bbox 1294 3851 1341 3887; x_wconf 89' lang='lat' dir='ltr'><strong>nou</strong></span> <span class='ocrx_word' id='word_1_628' title='bbox 1355 3839 1437 3887; x_wconf 83' lang='lat' dir='ltr'><strong>latreea</strong></span> <span class='ocrx_word' id='word_1_629' title='bbox 1450 3841 1541 3903; x_wconf 85' lang='lat' dir='ltr'><strong>ruditis,</strong></span> 
     </span>
     <span class='ocr_line' id='line_1_105' title="bbox 1201 3899 1590 3967; baseline 0.015 -20"><span class='ocrx_word' id='word_1_630' title='bbox 1201 3899 1253 3947; x_wconf 80' lang='lat' dir='ltr'><strong>lion</strong></span> <span class='ocrx_word' id='word_1_631' title='bbox 1269 3902 1367 3948; x_wconf 74' lang='lat' dir='ltr'><strong>strictus</strong></span> <span class='ocrx_word' id='word_1_632' title='bbox 1378 3902 1409 3949; x_wconf 80' lang='lat' dir='ltr'><strong>ato</strong></span> <span class='ocrx_word' id='word_1_633' title='bbox 1418 3903 1469 3949; x_wconf 83' lang='lat' dir='ltr'><strong>naut</strong></span> <span class='ocrx_word' id='word_1_634' title='bbox 1481 3905 1590 3967; x_wconf 77' lang='lat' dir='ltr'><strong>ebalpbs,</strong></span> 
     </span>
     <span class='ocr_line' id='line_1_106' title="bbox 1202 3962 1492 4021; baseline 0.014 -15"><span class='ocrx_word' id='word_1_635' title='bbox 1202 3962 1248 4018; x_wconf 77' lang='lat' dir='ltr'><strong>oui</strong></span> <span class='ocrx_word' id='word_1_636' title='bbox 1262 3968 1314 4009; x_wconf 90' lang='lat' dir='ltr'><strong>tuto</strong></span> <span class='ocrx_word' id='word_1_637' title='bbox 1328 3963 1419 4021; x_wconf 63' lang='lat' dir='ltr'><strong>positus</strong></span> <span class='ocrx_word' id='word_1_638' title='bbox 1432 3964 1492 4021; x_wconf 63' lang='lat' dir='ltr'><strong>loro,</strong></span> 
     </span>
    </p>

    <p class='ocr_par' dir='ltr' id='par_1_34' title="bbox 1203 4020 1540 4207">
     <span class='ocr_line' id='line_1_107' title="bbox 1204 4020 1486 4082; baseline -0.004 -12"><span class='ocrx_word' id='word_1_639' title='bbox 1204 4020 1268 4070; x_wconf 89' lang='lat' dir='ltr'><strong>lnl&#39;ra</strong></span> <span class='ocrx_word' id='word_1_640' title='bbox 1281 4034 1308 4070; x_wconf 82' lang='lat' dir='ltr'><strong>se</strong></span> <span class='ocrx_word' id='word_1_641' title='bbox 1322 4026 1387 4072; x_wconf 81' lang='lat' dir='ltr'><strong>ridet</strong></span> <span class='ocrx_word' id='word_1_642' title='bbox 1398 4025 1486 4082; x_wconf 78' lang='grc' dir='ltr'>ιιιιιιιίι,</span> 
     </span>
     <span class='ocr_line' id='line_1_108' title="bbox 1203 4084 1507 4144; baseline 0.007 -13"><span class='ocrx_word' id='word_1_643' title='bbox 1203 4084 1363 4144; x_wconf 84' lang='lat' dir='ltr'><strong>Oeerrrritquc</strong></span> <span class='ocrx_word' id='word_1_644' title='bbox 1376 4097 1419 4130; x_wconf 80' lang='lat' dir='ltr'><strong>suo</strong></span> <span class='ocrx_word' id='word_1_645' title='bbox 1429 4084 1507 4133; x_wconf 77' lang='lat' dir='ltr'><strong>lebeus</strong></span> 
     </span>
     <span class='ocr_line' id='line_1_109' title="bbox 1203 4141 1540 4207; baseline 0.015 -15"><span class='ocrx_word' id='word_1_646' title='bbox 1203 4141 1271 4203; x_wconf 76' lang='lat' dir='ltr'><strong>Fato,</strong></span> <span class='ocrx_word' id='word_1_647' title='bbox 1285 4157 1331 4194; x_wconf 80' lang='lat' dir='ltr'><strong>nec</strong></span> <span class='ocrx_word' id='word_1_648' title='bbox 1346 4149 1459 4207; x_wconf 88' lang='lat' dir='ltr'><strong>queritur</strong></span> <span class='ocrx_word' id='word_1_649' title='bbox 1470 4148 1540 4197; x_wconf 81' lang='lat' dir='ltr'><strong>litori.</strong></span> 
     </span>
    </p>
   </div>
   <div class='ocr_carea' id='block_1_21' title="bbox 1079 4239 1939 5325">
    <p class='ocr_par' dir='ltr' id='par_1_35' title="bbox 1080 4239 1871 4402">
     <span class='ocr_line' id='line_1_110' title="bbox 1116 4239 1871 4328; baseline 0.029 -31"><span class='ocrx_word' id='word_1_650' title='bbox 1116 4243 1188 4318; x_wconf 77' lang='lat' dir='ltr'><strong>Egit]</strong></span> <span class='ocrx_word' id='word_1_651' title='bbox 1203 4245 1309 4314; x_wconf 89' lang='lat' dir='ltr'><strong>Optime</strong></span> <span class='ocrx_word' id='word_1_652' title='bbox 1330 4247 1427 4315; x_wconf 89' lang='lat' dir='ltr'><strong>placet,</strong></span> <span class='ocrx_word' id='word_1_653' title='bbox 1457 4250 1528 4318; x_wconf 90' lang='lat' dir='ltr'><strong>quod</strong></span> <span class='ocrx_word' id='word_1_654' title='bbox 1552 4239 1676 4323; x_wconf 72' lang='lat' dir='ltr'><strong>Agricola</strong></span> <span class='ocrx_word' id='word_1_655' title='bbox 1693 4258 1786 4328; x_wconf 88' lang='lat' dir='ltr'><strong>sentit,</strong></span> <span class='ocrx_word' id='word_1_656' title='bbox 1798 4258 1871 4321; x_wconf 86' lang='lat' dir='ltr'><strong>dedit</strong></span> 
     </span>
     <span class='ocr_line' id='line_1_111' title="bbox 1080 4338 1568 4402; baseline 0.006 -8"><span class='ocrx_word' id='word_1_657' title='bbox 1080 4338 1284 4402; x_wconf 89' lang='lat' dir='ltr'><strong>restituendum,</strong></span> <span class='ocrx_word' id='word_1_658' title='bbox 1299 4348 1329 4392; x_wconf 90' lang='lat' dir='ltr'><strong>ut</strong></span> <span class='ocrx_word' id='word_1_659' title='bbox 1342 4353 1437 4394; x_wconf 83' lang='lat' dir='ltr'><strong>rersrts</strong></span> <span class='ocrx_word' id='word_1_660' title='bbox 1451 4350 1568 4397; x_wconf 90' lang='lat' dir='ltr'><strong>constet.</strong></span> 
     </span>
    </p>

    <p class='ocr_par' dir='ltr' id='par_1_36' title="bbox 1116 4428 1830 4502">
     <span class='ocr_line' id='line_1_112' title="bbox 1116 4428 1830 4502; baseline 0.02 -21"><span class='ocrx_word' id='word_1_661' title='bbox 1116 4428 1260 4482; x_wconf 78' lang='lat' dir='ltr'><strong>Fortunam</strong></span> <span class='ocrx_word' id='word_1_662' title='bbox 1269 4429 1413 4501; x_wconf 84' lang='lat' dir='ltr'><strong>utromque]</strong></span> <span class='ocrx_word' id='word_1_663' title='bbox 1428 4431 1460 4485; x_wconf 81' lang='lat' dir='ltr'><strong>Et</strong></span> <span class='ocrx_word' id='word_1_664' title='bbox 1470 4446 1626 4502; x_wconf 92' lang='lat' dir='ltr'><strong>prosperam</strong></span> <span class='ocrx_word' id='word_1_665' title='bbox 1640 4436 1830 4494; x_wconf 83' lang='lat' dir='ltr'><strong>etadvcrsam.</strong></span> 
     </span>
    </p>

    <p class='ocr_par' dir='ltr' id='par_1_37' title="bbox 1116 4518 1343 4591">
     <span class='ocr_line' id='line_1_113' title="bbox 1116 4518 1343 4591; baseline 0.009 -18"><span class='ocrx_word' id='word_1_666' title='bbox 1116 4518 1210 4591; x_wconf 83' lang='lat' dir='ltr'><strong>Taena]</strong></span> <span class='ocrx_word' id='word_1_667' title='bbox 1225 4520 1343 4575; x_wconf 89' lang='lat' dir='ltr'><strong>intuens.</strong></span> 
     </span>
    </p>

    <p class='ocr_par' dir='ltr' id='par_1_38' title="bbox 1079 4607 1877 5045">
     <span class='ocr_line' id='line_1_114' title="bbox 1115 4607 1874 4680; baseline 0.018 -19"><span class='ocrx_word' id='word_1_668' title='bbox 1115 4607 1219 4680; x_wconf 84' lang='lat' dir='ltr'><strong>licetur]</strong></span> <span class='ocrx_word' id='word_1_669' title='bbox 1235 4609 1358 4665; x_wconf 84' lang='lat' dir='ltr'><strong>lnliexus.</strong></span> <span class='ocrx_word' id='word_1_670' title='bbox 1372 4608 1534 4665; x_wconf 89' lang='lat' dir='ltr'><strong>Cleobulus:</strong></span> <span class='ocrx_word' id='word_1_671' title='bbox 1553 4614 1618 4667; x_wconf 89' lang='lat' dir='ltr'><strong>[luto</strong></span> <span class='ocrx_word' id='word_1_672' title='bbox 1633 4616 1747 4669; x_wconf 88' lang='lat' dir='ltr'><strong>secunda</strong></span> <span class='ocrx_word' id='word_1_673' title='bbox 1764 4617 1874 4675; x_wconf 88' lang='lat' dir='ltr'><strong>lortuna</strong></span> 
     </span>
     <span class='ocr_line' id='line_1_115' title="bbox 1080 4703 1876 4777; baseline 0.015 -20"><span class='ocrx_word' id='word_1_674' title='bbox 1080 4703 1190 4769; x_wconf 87' lang='lat' dir='ltr'><strong>arridet,</strong></span> <span class='ocrx_word' id='word_1_675' title='bbox 1211 4704 1350 4772; x_wconf 87' lang='lat' dir='ltr'><strong>superbire</strong></span> <span class='ocrx_word' id='word_1_676' title='bbox 1378 4705 1453 4758; x_wconf 89' lang='lat' dir='ltr'><strong>noli:</strong></span> <span class='ocrx_word' id='word_1_677' title='bbox 1474 4705 1584 4760; x_wconf 83' lang='lat' dir='ltr'><strong>adversa</strong></span> <span class='ocrx_word' id='word_1_678' title='bbox 1606 4719 1798 4777; x_wconf 80' lang='lat' dir='ltr'><strong>perstrepente,</strong></span> <span class='ocrx_word' id='word_1_679' title='bbox 1816 4715 1876 4770; x_wconf 87' lang='lat' dir='ltr'><strong>noli</strong></span> 
     </span>
     <span class='ocr_line' id='line_1_116' title="bbox 1079 4792 1876 4862; baseline 0.013 -15"><span class='ocrx_word' id='word_1_680' title='bbox 1079 4793 1174 4862; x_wconf 87' lang='lat' dir='ltr'><strong>lrangi.</strong></span> <span class='ocrx_word' id='word_1_681' title='bbox 1196 4792 1322 4848; x_wconf 72' lang='lat' dir='ltr'><strong>Fortunas</strong></span> <span class='ocrx_word' id='word_1_682' title='bbox 1347 4796 1508 4849; x_wconf 88' lang='lat' dir='ltr'><strong>nrutationes</strong></span> <span class='ocrx_word' id='word_1_683' title='bbox 1534 4796 1638 4852; x_wconf 87' lang='lat' dir='ltr'><strong>tortiter</strong></span> <span class='ocrx_word' id='word_1_684' title='bbox 1657 4800 1741 4855; x_wconf 87' lang='lat' dir='ltr'><strong>disee.</strong></span> <span class='ocrx_word' id='word_1_685' title='bbox 1762 4801 1876 4857; x_wconf 84' lang='lat' dir='ltr'><strong>Perian-</strong></span> 
     </span>
     <span class='ocr_line' id='line_1_117' title="bbox 1081 4884 1877 4952; baseline 0.011 -13"><span class='ocrx_word' id='word_1_686' title='bbox 1081 4885 1129 4940; x_wconf 89' lang='lat' dir='ltr'><strong>der</strong></span> <span class='ocrx_word' id='word_1_687' title='bbox 1141 4902 1147 4937; x_wconf 94' lang='lat'><strong>:</strong></span> <span class='ocrx_word' id='word_1_688' title='bbox 1163 4885 1234 4939; x_wconf 91' lang='lat' dir='ltr'><strong>luter</strong></span> <span class='ocrx_word' id='word_1_689' title='bbox 1245 4884 1376 4940; x_wconf 88' lang='lat' dir='ltr'><strong>secundas</strong></span> <span class='ocrx_word' id='word_1_690' title='bbox 1387 4901 1430 4940; x_wconf 90' lang='lat' dir='ltr'><strong>rcs</strong></span> <span class='ocrx_word' id='word_1_691' title='bbox 1442 4894 1501 4940; x_wconf 90' lang='lat' dir='ltr'><strong>esto</strong></span> <span class='ocrx_word' id='word_1_692' title='bbox 1513 4886 1677 4952; x_wconf 89' lang='lat' dir='ltr'><strong>moderatus,</strong></span> <span class='ocrx_word' id='word_1_693' title='bbox 1691 4891 1761 4944; x_wconf 86' lang='lat' dir='ltr'><strong>iuter</strong></span> <span class='ocrx_word' id='word_1_694' title='bbox 1776 4893 1877 4948; x_wconf 82' lang='lat' dir='ltr'><strong>adter-</strong></span> 
     </span>
     <span class='ocr_line' id='line_1_118' title="bbox 1080 4974 1785 5045; baseline 0.004 -14"><span class='ocrx_word' id='word_1_695' title='bbox 1080 4974 1260 5045; x_wconf 85' lang='lat' dir='ltr'><strong>sasprudens.</strong></span> <span class='ocrx_word' id='word_1_696' title='bbox 1784 5001 1785 5004; x_wconf 42' lang='lat'>¹</span> 
     </span>
    </p>

    <p class='ocr_par' dir='ltr' id='par_1_39' title="bbox 1081 5067 1939 5218">
     <span class='ocr_line' id='line_1_119' title="bbox 1116 5067 1939 5141; baseline 0.011 -17"><span class='ocrx_word' id='word_1_697' title='bbox 1116 5068 1256 5141; x_wconf 80' lang='lat' dir='ltr'><strong>luuicutm]</strong></span> <span class='ocrx_word' id='word_1_698' title='bbox 1274 5067 1457 5133; x_wconf 83' lang='lat' dir='ltr'><strong>Constantem,</strong></span> <span class='ocrx_word' id='word_1_699' title='bbox 1472 5070 1586 5125; x_wconf 85' lang='lat' dir='ltr'><strong>tertuum</strong></span> <span class='ocrx_word' id='word_1_700' title='bbox 1612 5071 1805 5132; x_wconf 88' lang='lat' dir='ltr'><strong>mutationibus</strong></span> <span class='ocrx_word' id='word_1_701' title='bbox 1818 5089 1876 5133; x_wconf 92' lang='lat' dir='ltr'><strong>non</strong></span> <span class='ocrx_word' id='word_1_702' title='bbox 1934 5072 1939 5081; x_wconf 83' lang='grc'><strong>’</strong></span> 
     </span>
     <span class='ocr_line' id='line_1_120' title="bbox 1081 5163 1310 5218; baseline -0.017 0"><span class='ocrx_word' id='word_1_703' title='bbox 1081 5163 1310 5218; x_wconf 87' lang='lat' dir='ltr'><strong>succumbentem.</strong></span> 
     </span>
    </p>

    <p class='ocr_par' dir='ltr' id='par_1_40' title="bbox 1117 5251 1875 5325">
     <span class='ocr_line' id='line_1_121' title="bbox 1117 5251 1875 5325; baseline 0.009 -18"><span class='ocrx_word' id='word_1_704' title='bbox 1117 5252 1178 5308; x_wconf 87' lang='lat' dir='ltr'><strong>Nou</strong></span> <span class='ocrx_word' id='word_1_705' title='bbox 1200 5255 1274 5307; x_wconf 83' lang='lat' dir='ltr'><strong>illum</strong></span> <span class='ocrx_word' id='word_1_706' title='bbox 1298 5253 1400 5318; x_wconf 81' lang='lat' dir='ltr'><strong>rabies,</strong></span> <span class='ocrx_word' id='word_1_707' title='bbox 1426 5251 1497 5325; x_wconf 83' lang='lat' dir='ltr'><strong>cte]</strong></span> <span class='ocrx_word' id='word_1_708' title='bbox 1517 5254 1563 5310; x_wconf 85' lang='lat' dir='ltr'><strong>Sic</strong></span> <span class='ocrx_word' id='word_1_709' title='bbox 1589 5255 1715 5312; x_wconf 87' lang='lat' dir='ltr'><strong>lloratius</strong></span> <span class='ocrx_word' id='word_1_710' title='bbox 1731 5257 1757 5311; x_wconf 92' lang='lat' dir='ltr'><strong>io</strong></span> <span class='ocrx_word' id='word_1_711' title='bbox 1776 5272 1805 5312; x_wconf 93' lang='lat' dir='ltr'><strong>ur</strong></span> <span class='ocrx_word' id='word_1_712' title='bbox 1824 5258 1875 5315; x_wconf 89' lang='lat' dir='ltr'><strong>lib.</strong></span> 
     </span>
    </p>
   </div>
   <div class='ocr_carea' id='block_1_22' title="bbox 1081 5346 1190 5403">
    <p class='ocr_par' dir='ltr' id='par_1_41' title="bbox 1081 5346 1190 5403">
     <span class='ocr_line' id='line_1_122' title="bbox 1081 5346 1190 5403; baseline -0.018 0"><span class='ocrx_word' id='word_1_713' title='bbox 1081 5346 1172 5403; x_wconf 80' lang='lat' dir='ltr'><strong>Carni.</strong></span> <span class='ocrx_word' id='word_1_714' title='bbox 1184 5359 1190 5401; x_wconf 90' lang='lat'>:</span> 
     </span>
    </p>
   </div>
   <div class='ocr_carea' id='block_1_23' title="bbox 1173 5433 1666 5804">
    <p class='ocr_par' dir='ltr' id='par_1_42' title="bbox 1173 5433 1654 5619">
     <span class='ocr_line' id='line_1_123' title="bbox 1174 5433 1654 5497; baseline 0.004 -16"><span class='ocrx_word' id='word_1_715' title='bbox 1174 5433 1269 5483; x_wconf 79' lang='lat' dir='ltr'><strong>lustrum</strong></span> <span class='ocrx_word' id='word_1_716' title='bbox 1281 5442 1306 5483; x_wconf 88' lang='lat' dir='ltr'><strong>et</strong></span> <span class='ocrx_word' id='word_1_717' title='bbox 1317 5442 1429 5485; x_wconf 83' lang='lat' dir='ltr'><strong>tenacem</strong></span> <span class='ocrx_word' id='word_1_718' title='bbox 1441 5437 1556 5497; x_wconf 70' lang='lat' dir='ltr'><strong>propositi</strong></span> <span class='ocrx_word' id='word_1_719' title='bbox 1569 5437 1654 5497; x_wconf 84' lang='lat' dir='ltr'><strong>rtrum,</strong></span> 
     </span>
     <span class='ocr_line' id='line_1_124' title="bbox 1173 5495 1644 5556; baseline 0.002 -13"><span class='ocrx_word' id='word_1_720' title='bbox 1173 5495 1224 5543; x_wconf 83' lang='lat' dir='ltr'><strong>Non</strong></span> <span class='ocrx_word' id='word_1_721' title='bbox 1237 5496 1322 5543; x_wconf 87' lang='lat' dir='ltr'><strong>civium</strong></span> <span class='ocrx_word' id='word_1_722' title='bbox 1333 5497 1404 5545; x_wconf 90' lang='lat' dir='ltr'><strong>ardor</strong></span> <span class='ocrx_word' id='word_1_723' title='bbox 1416 5511 1488 5554; x_wconf 82' lang='lat' dir='ltr'><strong>pram</strong></span> <span class='ocrx_word' id='word_1_724' title='bbox 1498 5499 1644 5556; x_wconf 77' lang='lat' dir='ltr'><strong>julianellum,</strong></span> 
     </span>
     <span class='ocr_line' id='line_1_125' title="bbox 1173 5555 1546 5619; baseline 0.005 -16"><span class='ocrx_word' id='word_1_725' title='bbox 1173 5555 1226 5603; x_wconf 76' lang='lat' dir='ltr'><strong>lion</strong></span> <span class='ocrx_word' id='word_1_726' title='bbox 1238 5558 1319 5605; x_wconf 82' lang='lat' dir='ltr'><strong>vuitus</strong></span> <span class='ocrx_word' id='word_1_727' title='bbox 1330 5559 1442 5608; x_wconf 81' lang='lat' dir='ltr'><strong>instantis</strong></span> <span class='ocrx_word' id='word_1_728' title='bbox 1455 5559 1546 5619; x_wconf 71' lang='lat' dir='ltr'><strong>tyranni</strong></span> 
     </span>
    </p>

    <p class='ocr_par' dir='ltr' id='par_1_43' title="bbox 1174 5615 1631 5742">
     <span class='ocr_line' id='line_1_126' title="bbox 1174 5615 1631 5680; baseline 0.009 -16"><span class='ocrx_word' id='word_1_729' title='bbox 1174 5615 1256 5665; x_wconf 73' lang='lat' dir='ltr'><strong>Merite</strong></span> <span class='ocrx_word' id='word_1_730' title='bbox 1269 5622 1347 5679; x_wconf 83' lang='lat' dir='ltr'><strong>quatit</strong></span> <span class='ocrx_word' id='word_1_731' title='bbox 1358 5621 1441 5671; x_wconf 59' lang='lat' dir='ltr'><strong>salina.</strong></span> <span class='ocrx_word' id='word_1_732' title='bbox 1455 5632 1536 5680; x_wconf 87' lang='lat' dir='ltr'><strong>neque</strong></span> <span class='ocrx_word' id='word_1_733' title='bbox 1549 5624 1631 5668; x_wconf 85' lang='lat' dir='ltr'><strong>attsler</strong></span> 
     </span>
     <span class='ocr_line' id='line_1_127' title="bbox 1176 5675 1576 5742; baseline 0.015 -20"><span class='ocrx_word' id='word_1_734' title='bbox 1176 5675 1228 5726; x_wconf 80' lang='lat' dir='ltr'><strong>ltux</strong></span> <span class='ocrx_word' id='word_1_735' title='bbox 1243 5678 1345 5739; x_wconf 87' lang='lat' dir='ltr'><strong>inquieti</strong></span> <span class='ocrx_word' id='word_1_736' title='bbox 1358 5681 1469 5728; x_wconf 80' lang='lat' dir='ltr'><strong>turbidus</strong></span> <span class='ocrx_word' id='word_1_737' title='bbox 1486 5681 1576 5742; x_wconf 79' lang='lat' dir='ltr'><strong>aldrlar,</strong></span> 
     </span>
    </p>

    <p class='ocr_par' dir='ltr' id='par_1_44' title="bbox 1173 5736 1666 5804">
     <span class='ocr_line' id='line_1_128' title="bbox 1173 5736 1666 5804; baseline 0.008 -18"><span class='ocrx_word' id='word_1_738' title='bbox 1173 5736 1224 5788; x_wconf 82' lang='lat' dir='ltr'><strong>lieo</strong></span> <span class='ocrx_word' id='word_1_739' title='bbox 1236 5737 1384 5804; x_wconf 78' lang='lat' dir='ltr'><strong>lultninants</strong></span> <span class='ocrx_word' id='word_1_740' title='bbox 1395 5752 1481 5801; x_wconf 84' lang='lat' dir='ltr'><strong>magua</strong></span> <span class='ocrx_word' id='word_1_741' title='bbox 1493 5740 1560 5791; x_wconf 83' lang='lat' dir='ltr'><strong>lotis</strong></span> <span class='ocrx_word' id='word_1_742' title='bbox 1571 5753 1666 5790; x_wconf 86' lang='lat' dir='ltr'><strong>manus.</strong></span> 
     </span>
    </p>
   </div>
   <div class='ocr_carea' id='block_1_24' title="bbox 0 0 1968 6180">
    <p class='ocr_par' dir='ltr' id='par_1_45' title="bbox 0 0 1968 6180">
     <span class='ocr_line' id='line_1_129' title="bbox 0 0 1968 6180; baseline 0 0"><span class='ocrx_word' id='word_1_743' title='bbox 0 0 1968 6180; x_wconf 95' lang='lat' dir='ltr'><strong> </strong></span> 
     </span>
    </p>
   </div>
  </div>
 </body>
</html>
