3906 6180
71 255 114 292 :e
535 242 613 299 erra
631 244 660 298 n.
681 210 848 300 ειιιιιιιιιι
863 243 1014 302 eetsmm
1033 241 1232 302 uternensts.

1606 252 1701 309 ἨΘ

71 318 204 415 tatianum
218 352 336 409 incendit
345 352 455 407 ambitio
467 371 473 405 ι
486 355 598 422 atrorum
611 363 692 424 caput
706 357 712 386 ¹
726 355 791 408 Tufa
804 355 862 419 fnit,
879 357 902 415 Α
916 355 1064 409 enarranda
1089 356 1176 424 lingna
1202 370 1253 409 non
1278 352 1402 411 sotades.
1426 355 1508 411 iurat
1530 360 1601 413 enim
1627 372 1700 418 certa

71 455 156 508 bomo
171 451 197 506 in
213 448 382 519 perfugarum
397 448 506 504 iulatniu
520 450 612 505 notitia
628 453 710 506 reteri
728 450 858 519 pollutus:

70 541 119 608 qui
141 541 266 608 concepit
287 546 430 601 meulent
447 554 479 593 se
496 539 645 608 desperatis
665 540 782 607 partibus
800 555 859 593 cum

70 631 173 699 ingenti
186 615 354 684 multitudine
367 629 509 683 redderet:
521 628 591 696 quaed
606 627 669 682 dum
679 628 861 683 Theodericus

70 736 120 775 rex
148 719 288 789 principali
318 718 497 774 sollieitudine
527 715 708 785 cognorisset,
733 719 861 773 continuo

68 824 179 865 omnem
196 809 266 863 illam
280 823 360 877 quarn
381 817 451 863 totus
465 808 563 864 tlriens
582 809 625 863 rix
645 809 780 877 sustinuit,
796 823 860 863 con·

69 899 153 953 traxit
176 914 300 963 manum,
315 908 394 967 atque
417 897 450 953 ad
475 897 621 954 Ticinensis
642 889 755 955 ciuitatis
777 914 859 969 ango-

68 987 150 1041 stiam
173 988 296 1043 cotrlulit.
315 986 425 1042 Videres
449 986 542 1042 urbem
562 988 720 1044 familiarum
742 990 858 1045 coetibus

68 1086 219 1133 scatentem
232 1095 239 1128 z
251 1064 554 1131 domorumimmanium
566 1077 679 1132 culmina
691 1080 715 1131 in
728 1081 856 1146 angustis-

68 1166 145 1221 simis
178 1175 297 1221 resecata
318 1167 439 1234 ‚ttrgrrriis
459 1182 466 1222 :
488 1181 610 1222 cerneres
637 1182 651 1222 a
679 1167 857 1222 fundamentis

68 1253 183 1310 aedillcia
202 1256 330 1309 immensa
349 1256 477 1324 utigrare;
494 1271 542 1310 nec
556 1257 589 1310 ad
605 1257 782 1325 recipiendam
808 1259 856 1312 ba·

69 1343 211 1401 bidentium
245 1345 404 1400 densitatem
437 1347 524 1400 sotum
553 1345 638 1415 ipsum
672 1360 750 1416 posse
782 1346 857 1402 sultiss

68 1449 144 1491 cere.

105 1526 180 1583 latter
189 1526 245 1583 ltare
258 1527 303 1582 ille
317 1528 345 1582 in
359 1527 435 1583 bunis
450 1528 489 1583 rir
502 1530 748 1599 exercitatissimus,
765 1533 791 1584 in
802 1544 855 1601 quo

68 1615 219 1672 animorum
246 1617 394 1687 amplitudo
416 1620 518 1674 cunctis
545 1620 676 1688 pandebat
699 1634 853 1688 accessum,

913 458 1026 513 quaerre
1041 444 1195 513 decerpere,
1213 445 1257 498 ubi
1279 453 1341 498 sunt
1363 447 1451 500 omnia
1473 444 1701 521 admirandaque

912 529 1023 585 referas.
1046 531 1102 586 Sub
1128 531 1174 585 tali
1198 547 1278 587 eruce
1301 533 1445 588 triennium
1467 534 1559 598 duxit,
1577 535 1626 590 soli
1648 537 1702 589 tun

912 617 1035 672 dulorrnn
1057 633 1167 673 suorum
1191 629 1293 675 secreta
1319 611 1503 686 manifestans,
1517 639 1530 675 a
1544 639 1596 691 orto
1620 626 1700 679 mini·

908 708 989 761 strari
1001 707 1260 763 nbrctannesnnnm
1274 710 1401 778 poscebat
1411 711 1549 775 auxilium.

946 796 1010 852 Post
1034 798 1096 853 binc
1118 799 1247 869 digressis
1267 798 1378 866 Gothis,
1402 800 1412 831 ¹
1435 801 1527 855 ciuitas
1550 798 1702 859 Tieincnsrs

908 884 993 956 Rugis
1006 894 1048 940 est
1064 887 1169 951 tradita,
1184 887 1335 943 huminibus
1357 889 1430 944 omni
1447 890 1554 944 ienitate
1572 892 1698 948 immaur-

910 976 960 1031 bus
974 1019 981 1042 ,
993 993 1061 1047 nuos
1082 987 1160 1034 atrox
1182 989 1210 1034 ει
1229 981 1324 1035 acerba
1339 980 1380 1048 ris
1394 979 1543 1034 animorum
1558 981 1590 1034 ad
1612 985 1702 1051 ‹pueti-

908 1069 988 1124 diana
999 1070 1099 1126 sociem
1113 1071 1273 1126 sollicitabat
1287 1089 1293 1123 :
1306 1070 1376 1125 diem
1393 1072 1519 1138 putabant
1530 1068 1641 1141 perisse,
1652 1078 1701 1146 ptri

907 1155 968 1214 illos
981 1161 1038 1214 sine
1054 1158 1171 1215 facinore
1183 1177 1246 1215 casu
1259 1163 1347 1230 aliquo
1363 1161 1557 1216 interueniente
1574 1163 1694 1232 fugisset.

906 1249 979 1317 Qttos
993 1261 1080 1306 tamen
1096 1254 1265 1308 beatissimus
1284 1255 1396 1309 antistes
1414 1269 1567 1310 sermonum
1586 1273 1696 1312 suorum
1765 1239 1773 1251 ⁹

908 1340 987 1395 melle
1002 1341 1140 1409 delinibat,
1153 1350 1181 1397 u't
1194 1342 1273 1396 effera
1294 1342 1374 1397 corda
1390 1344 1543 1398 auctoritati
1556 1347 1698 1402 submitte·

907 1445 967 1490 rent
982 1439 1139 1506 sacerdotis,
1154 1447 1180 1493 ει
1194 1454 1284 1494 amare
1299 1437 1433 1495 discerent
1460 1457 1573 1510 errorum
1587 1453 1697 1512 pectora

906 1523 975 1582 ediis
989 1544 1096 1598 semper
1111 1530 1193 1585 fnisse
1207 1530 1328 1585 dedicata
1343 1530 1526 1600 eognovimus.
1547 1529 1644 1588 lfutata
1658 1544 1699 1590 est

906 1631 955 1686 per·
970 1617 1094 1673 meritum
1111 1620 1183 1674 illius
1198 1622 1358 1688 perversitas
1379 1623 1519 1689 naturalis,
1536 1624 1600 1678 dum
1619 1624 1698 1697 inito-¹

69 1716 249 1776 opportunum
263 1707 315 1763 sibi
329 1709 474 1778 conjiciens
498 1718 601 1779 tempus
622 1711 727 1777 offerri,
744 1727 796 1780 quo
808 1714 856 1767 be-
871 1708 895 1769 Β
908 1708 981 1761 noris
994 1709 1127 1764 mentibus
1145 1710 1218 1763 radix
1234 1710 1381 1777 peregrinae
1394 1711 1462 1779 apud
1476 1712 1538 1766 illos
1552 1712 1699 1769 affectionis

70 1796 206 1867 nigritatis
223 1812 279 1852 suae
297 1799 376 1866 pleno
395 1808 485 1855 austro
500 1802 558 1856 vela
582 1803 693 1868 laxaret,
708 1813 735 1858 et
752 1812 856 1872 portum

69 1885 161 1955 glorie
186 1902 235 1956 per
254 1888 388 1943 rariacum
413 1891 533 1947 trotitiam
561 1894 678 1962 gentium
701 1903 728 1949 et
750 1903 856 1949 actunnt

69 1975 253 2032 celebritatem
277 1979 391 2032 securrda
417 1979 585 2050 enavigatione
609 1982 856 2052 pertingeretzpri·

69 2078 147 2120 more
161 2065 190 2120 in
211 2066 362 2136 loco,quod
383 2068 460 2122 nullae
479 2069 579 2124 cftartm
600 2079 730 2136 veterum,
743 2071 808 2124 nulli
825 2071 856 2125 li·

69 2155 182 2211 brorum
197 2158 231 2214 de
245 2173 400 2229 quocunque
416 2162 559 2231 loquuntur
573 2163 697 2227 annales,
713 2163 783 2231 quod
796 2178 856 2217 cum

68 2258 180 2317 stupore
195 2250 293 2306 relator
307 2252 433 2320 affirmet,
451 2254 491 2308 rel
505 2270 566 2310 eum
580 2255 755 2309 admiratione
774 2255 857 2311 lector

67 2337 202 2404 admittat,
215 2349 244 2395 et
254 2355 315 2396 cum
327 2344 497 2410 sagacissima
509 2344 729 2413 gentelrabitans,
738 2353 765 2398 et
777 2360 854 2413 garam

68 2427 138 2483 nulla
153 2431 336 2499 suspicionum
348 2446 411 2486 aura
425 2437 605 2503 praeteruolat,
621 2436 646 2490 in
661 2438 740 2491 rebus
755 2439 853 2506 dubiis,

67 2518 172 2588 qnando
184 2532 273 2577 metus
295 2521 405 2591 periculi
425 2525 504 2578 etiam
521 2526 593 2580 mitia
616 2535 706 2581 contra
722 2530 856 2598 quoslibet

66 2609 146 2664 corda
162 2611 297 2675 sollicitat,
311 2614 350 2668 sic
369 2613 419 2668 illia
443 2615 614 2671 fidelissimus
633 2619 743 2682 exstitit,
760 2630 788 2673 ιιι
806 2621 855 2674 ini-

67 2699 153 2754 micos
167 2714 259 2756 corum
272 2711 327 2758 toto
340 2703 477 2760 deuinctos
489 2716 590 2762 teneret
604 2706 709 2774 affectu,
720 2721 746 2764 ct
761 2714 770 2742 ¹
786 2713 856 2767 inter

68 2789 234 2847 dissidentes
245 2793 376 2864 principes
391 2796 464 2851 solus
484 2806 555 2852 esset
577 2799 620 2867 qrri
642 2815 705 2868 pace
722 2801 855 2857 irrueretur

67 2881 224 2937 amborum.
240 2885 392 2953 Applicabat
408 2885 482 2946 ,enirn
501 2888 534 2941 ad
557 2890 743 2957 compendium
765 2891 853 2955 u‘nius,

66 2969 197 3039 nitidquid
221 2976 394 3042 prestabatur
412 2975 446 3029 ab
465 2981 550 3032 altero
567 2988 611 3033 :et
629 2982 775 3035 reverentia
793 2998 852 3051 per-

906 1795 1043 1853 inseritnr.
1059 1801 1124 1865 Quis
1143 1801 1201 1854 sine
1222 1796 1314 1869 grandi
1334 1811 1443 1869 stupore
1466 1802 1559 1856 credat
1573 1804 1699 1860 dilexisse

907 1895 935 1942 et
952 1887 1073 1942 timuisse
1092 1886 1181 1958 Rugos
1194 1887 1360 1957 episcopum,
1376 1897 1403 1943 ει
1424 1890 1582 1944 catholicum
1597 1900 1624 1946 et
1647 1893 1699 1968 fl07

907 1980 1084 2047 maritimam
1111 1993 1220 2046 parcere
1246 1980 1354 2049 regibus
1381 1980 1423 2034 vix
1450 1981 1609 2050 dignantur?
1631 1984 1697 2038 Cum

907 2068 1004 2136 quibus
1018 2058 1106 2122 tamen
1121 2067 1252 2137 integrum
1265 2084 1333 2137 pene
1344 2069 1480 2124 biennium
1493 2072 1582 2141 exegit
1596 2057 1697 2139 taliter,

907 2167 936 2213 ut
955 2159 989 2213 ab
1008 2175 1041 2214 eo
1060 2158 1155 2215 flentcs
1176 2160 1359 2225 discederent,
1377 2162 1457 2215 etiam
1477 2163 1510 2217 ad
1533 2172 1655 2231 parentes
1672 2175 1698 2221 et

907 2251 1022 2306 familias
1042 2251 1201 2321 regressuri.

942 2339 1085 2408 Postquam
1098 2356 1161 2395 reru
1174 2341 1312 2410 perfuncta
1327 2358 1368 2397 res
1380 2352 1422 2396 est
1434 2343 1532 2397 misero
1544 2344 1697 2413 exitialique

907 2430 1030 2497 belio,et
1049 2430 1113 2485 vicit
1135 2431 1157 2485 is
1185 2434 1261 2500 crajtts
1287 2442 1347 2501 post
1372 2433 1533 2502 triumphum
1557 2416 1711 2502 spoliatum

905 2519 998 2589 ragina
1017 2520 1133 2589 gladium
1156 2522 1244 2575 nullus
1268 2522 1380 2587 aspir-im
1396 2521 1441 2591 qui
1464 2524 1697 2591 praesumptionem

905 2612 1038 2665 exercitus
1060 2612 1100 2666 sui
1124 2627 1183 2666 eum
1209 2615 1301 2680 praelio
1316 2613 1469 2666 terminarit
1480 2629 1487 2666 ι
1500 2614 1570 2667 illico
1586 2630 1695 2683 aggres-

905 2718 951 2756 sus
972 2713 1013 2756 est
1033 2703 1201 2758 venerandus
1225 2704 1342 2772 potitii-x
1366 2704 1400 2758 de
1420 2704 1492 2757 urbis
1508 2720 1563 2760 suae
1586 2721 1693 2773 repara·

905 2795 976 2847 tione
996 2777 1220 2863 tr.rct;1re:nrrarn
1248 2805 1276 2847 ut
1300 2797 1414 2862 primum
1439 2795 1527 2860 dignis
1550 2797 1695 2862 eorrtpleret

905 2885 1107 2950 habitatoribus,
1123 2886 1249 2953 spiritalis
1270 2888 1405 2955 prospexit
1423 2886 1616 2939 deliberatione
1629 2901 1694 2943 eorr-

905 2976 968 3029 silli.
987 2977 1016 3029 Et
1033 2977 1093 3030 licet
1114 2991 1183 3037 eam,
1208 2987 1315 3042 precatu
1339 2977 1407 3029 illius
1428 2975 1549 3038 faciente,
1565 2975 1652 3027 nullus
1669 2977 1694 3029 in

65 3073 139 3113 saum
151 3076 209 3116 suae
221 3071 300 3132 atque
318 3064 460 3122 drtlcedine
480 3070 519 3122 sic
539 3069 674 3138 largientis
689 3053 1054 3145 temperabatCrastitatem
1084 3068 1239 3135 temporalis
1264 3069 1388 3135 procella
1418 3067 1495 3120 nubo
1526 3067 1692 3140 dispulerat;

66 3149 196 3217 animum,
211 3163 238 3207 ιιι
254 3154 406 3209 nullatenus
427 3162 626 3225 accenderetur,
643 3149 780 3231 si‘aliuuid
794 3177 809 3215 a
824 3177 852 3216 se

64 3236 187 3298 beneficii
210 3259 259 3313 per
281 3246 435 3315 episcopam
458 3259 485 3303 et
506 3250 628 3303 inimicus
649 3252 790 3320 acciperet.
807 3252 852 3308 llle

66 3325 128 3395 fuit,
139 3331 208 3388 circa
222 3349 303 3403 quem
319 3352 386 3389 eune
405 3338 488 3391 rdiam
500 3347 527 3393 et
540 3349 686 3408 pugnantes
700 3352 850 3407 seruarent,

64 3428 92 3472 et
103 3419 180 3486 cuius
193 3424 307 3490 quietem
323 3424 392 3479 bella
411 3443 462 3480 nean
477 3429 614 3483 lederent.
630 3430 688 3485 iant
703 3431 724 3483 si
736 3432 771 3484 ad
787 3431 851 3487 illud

65 3506 216 3576 ueniamus,
228 3511 298 3580 quud
315 3514 466 3582 qarotidiana
481 3525 507 3568 ει
520 3517 591 3585 ipsos
616 3517 739 3584 pascebat
759 3517 851 3574 laurera-

65 3592 153 3649 nitate
174 3607 304 3666 raptores,
326 3613 353 3656 et
378 3603 432 3656 illis
453 3604 521 3656 intra
543 3605 675 3660 ciuitatem
699 3618 852 3678 sumptuum

64 3691 214 3742 neccmaria
229 3691 406 3759 ministrabat,
422 3696 465 3763 qrri
488 3694 554 3748 foris
574 3697 670 3764 pradia
686 3697 757 3752 illius
771 3703 852 3753 coriti·

64 3789 115 3829 uua
135 3779 261 3834 vastitate
280 3781 443 3836 deleferant.
461 3782 526 3836 Nam
547 3792 585 3838 tot
608 3785 689 3839 millia
714 3785 850 3841 bominum

64 3878 116 3920 ano
140 3867 290 3938 eodemque
312 3880 447 3939 tempore,
472 3886 532 3926 eum
563 3872 669 3927 diversa
698 3886 847 3942 poscerent,

65 3954 201 4012 reddebat
224 3957 374 4028 blanditiis,
396 3960 549 4014 frurrrilinbat
573 3961 705 4031 alloquio,
726 3961 852 4030 pascebat

65 4047 230 4102 muneribus.
246 4047 275 4103 si
288 4049 363 4116 cujus
382 4048 458 4104 iberi
479 4066 611 4117 uxorque,
627 4050 741 4104 inimicis
756 4066 769 4102 a
783 4067 850 4112 nua-

65 4133 128 4192 llbet
146 4144 223 4206 parte
248 4137 360 4194 fuissent
383 4140 611 4208 intercipientibus
634 4143 764 4210 occupati,
780 4142 850 4196 illico

65 4229 265 4297 supplicationis
286 4231 358 4286 ltlius
381 4232 467 4297 pretio
490 4232 670 4290 reddebantur
692 4235 764 4298 snis,
783 4247 850 4302 qrrns

67 4320 121 4373 anri
132 4321 267 4377 redimere
281 4338 332 4375 nnn
347 4323 477 4390 potuisset
490 4323 670 4393 effnsio.flegi
685 4323 848 4392 aptissimus,

905 3172 996 3225 parum
1020 3169 1107 3212 ιιιιιειι
1127 3158 1252 3212 credebat
1274 3173 1352 3224 posse
1371 3156 1504 3219 sufficere,
1521 3158 1544 3210 si
1564 3164 1624 3226 post
1639 3159 1693 3211 rui·
1715 3154 1716 3157 ’

904 3261 964 3301 nam
981 3245 1098 3303 omnium
1115 3248 1231 3323 Liguriae
1240 3250 1374 3302 ciuitatum
1390 3247 1499 3302 Ticinus
1513 3248 1569 3300 suis
1582 3256 1684 3302 tanturn

903 3345 1027 3391 contenta
1066 3338 1196 3407 indigenis
1225 3339 1384 3391 exsultaret.
1421 3336 1511 3404 Coepit
1545 3336 1691 3393 ricitrarurn

904 3426 1007 3480 urbium
1023 3427 1149 3482 baricianos
1160 3442 1279 3496 ιμιιιειμιε
1294 3427 1327 3480 de
1339 3428 1440 3481 civibus
1453 3427 1579 3481 flosculos
1591 3429 1691 3498 legere,

903 3525 983 3585 atque
1001 3518 1033 3569 ad
1056 3532 1119 3571 suos
1142 3517 1234 3570 ltnrtos
1257 3517 1374 3570 cultor*
1397 3517 1538 3585 dilgenter
1563 3518 1691 3585 plantaria

900 3607 954 3677 jam
984 3610 1093 3676 probata
1121 3609 1290 3677 poraneus
1315 3610 1411 3677 quibus
1440 3608 1507 3679 frugi
1530 3616 1558 3664 et
1580 3609 1691 3665 idoneus

902 3698 1038 3769 aptissima
1054 3709 1162 3768 caperet
1176 3716 1254 3769 ponta
1268 3715 1416 3769 possessor.

936 3791 1040 3846 luterea
1052 3792 1138 3845 subita
1151 3793 1269 3845 anianum
1285 3791 1496 3859 prestantissimi
1513 3792 1584 3860 regis
1600 3792 1689 3849 Theo·

901 3881 983 3937 deriei
999 3882 1155 3937 deliberatio
1169 3883 1318 3951 occupauit,
1335 3892 1363 3935 ιιι
1378 3882 1431 3935 illis
1445 3890 1546 3935 ιιιιιιιιιι
1564 3883 1691 3939 Romanae

902 3973 1032 4029 libertatis
1052 3972 1096 4042 jus
1119 3973 1255 4038 tribueret,
1281 3987 1347 4040 utros
1371 3972 1488 4040 partibus
1513 3972 1596 4040 ipsius
1621 3975 1689 4028 fides

901 4064 1050 4118 examinata
1064 4065 1214 4132 junxisset:
1228 4064 1287 4118 illos
1305 4078 1369 4117 nero
1382 4077 1450 4132 quos
1471 4061 1558 4131 aliqua
1575 4065 1690 4118 necessi-

901 4162 941 4209 tas
953 4155 1090 4218 diriserat,
1106 4157 1138 4210 ab
1160 4157 1234 4210 omni
1251 4156 1331 4223 jussit
1342 4165 1369 4209 et
1383 4155 1494 4209 testandi
1510 4168 1535 4209 ει
1550 4156 1690 4210 ordinatio

902 4260 964 4298 num
979 4261 1086 4298 suarum
1100 4261 1131 4299 ac
1148 4248 1313 4299 voluntatum
1331 4246 1438 4299 licentia
1453 4246 1615 4299 minent-ert.
1632 4248 1688 4314 Qua

900 4335 1030 4388 senten'ia
1052 4335 1226 4404 pronndgata,
1242 4345 1269 4388 et
1288 4334 1389 4404 legibus
1405 4335 1475 4389 circa
1494 4336 1624 4402 plurimos
1643 4338 1687 4390 tali

66 4419 91 4463 el
109 4425 165 4479 pm
187 4412 287 4466 nactis
312 4414 436 4467 clunibus
464 4415 623 4468 venerabilis
651 4414 799 4477 existebat,
823 4411 960 4493 utlltege
972 4425 1090 4487 calcatis,
1106 4424 1313 4478 attriversaftalia
1332 4423 1494 4478 lamentabili
1509 4424 1610 4491 justitia
1625 4427 1688 4478 snb-

66 4514 115 4568 ntro
129 4516 237 4571 cunque
252 4501 432 4559 ltomanorum
454 4505 568 4558 bellandi
592 4505 697 4560 lieentia
714 4505 849 4560 Ιιοιιιίιιιιιιι

67 4590 120 4658 ejus
134 4593 242 4648 iecisset
257 4608 316 4649 esse
328 4595 459 4662 captiuos,
472 4612 533 4650 mox
548 4595 584 4648 ilii
596 4595 756 4659 restitueret,
770 4611 850 4665 prtem

68 4680 119 4734 sola
148 4682 314 4751 intelligebat
339 4685 451 4740 aliorum
481 4687 603 4742 libertate
630 4686 719 4741 ditari.
750 4686 851 4741 llelnde

68 4782 223 4828 enumerare
231 4789 360 4845 nequeam
370 4786 467 4847 quanta
478 4778 524 4834 ille
534 4780 734 4848 subjugatorum
745 4780 850 4848 agmina

70 4862 121 4915 seio
132 4865 240 4933 proprio
256 4866 385 4932 reddidit;
401 4880 509 4937 guarna,
524 4886 557 4923 nc
571 4880 741 4932 vexarentur,
762 4869 849 4938 impo-

69 4952 196 5008 antarta
212 4954 234 5008 si
249 4954 292 5009 ilfa
316 4966 444 5022 retexam,
461 4974 525 5027 qrras
538 4960 611 5013 inimi
629 4975 705 5014 orum
726 4958 851 5014 sustitnrit

70 5037 234 5114 iasrtleatias,
257 5050 354 5118 quittus
377 5050 504 5106 laboravit
531 5053 754 5118 irrrrtnissinnilnts,
778 5053 849 5120 quali

73 5139 189 5202 potetas
209 5141 388 5211 pessimorum
410 5143 506 5198 uirtute
533 5144 710 5214 coratenrpsit,
733 5145 765 5198 ad
792 5145 849 5197 ttae

73 5266 198 5395 misr-[af
214 5273 329 5397 Liguriae
342 5282 368 5355 at
377 5290 420 5357 pre
434 5275 724 5358 AEmiliaeeousularis,
741 5286 768 5330 ut
782 5291 849 5331 non·

86 5347 848 5486 ,·bit.ttintftl:‘tttttlift‘ttsst‘tttlili..

72 5483 209 5606 Ἓὶιω
220 5551 363 5611 ticinense
379 5554 457 5622 flupis
472 5566 508 5606 est
521 5555 626 5609 tradite]
643 5556 717 5608 buna
732 5554 794 5608 tis.

100 5612 217 5679 ‘Sebulb
232 5636 261 5678 et
278 5625 411 5687 lftrlfattd.,
430 5625 545 5694 dt'lt'qeua.

898 4512 1015 4583 jacebat.
1033 4515 1043 4547 ⁸
1058 4515 1114 4569 ltur
1139 4530 1231 4570 rursus
1255 4515 1288 4569 ad
1315 4513 1388 4568 illum
1410 4514 1454 4582 qui
1481 4527 1560 4567 mann
1586 4514 1688 4570 medica

902 4604 1016 4671 publicis
1038 4612 1214 4660 rontsuererat
1243 4603 1386 4657 subvenire
1409 4600 1564 4656 uulneribus
1586 4618 1592 4652 ε
1613 4601 1688 4668 enjus

901 4690 973 4747 fonte
987 4709 1164 4747 erumnarum
1178 4707 1249 4762 sepe
1265 4693 1350 4746 fuerat
1364 4691 1444 4745 ardor
1462 4689 1618 4744 exstinctus.
1637 4690 1687 4756 erl

901 4787 964 4842 dum
975 4803 1005 4842 se
1017 4787 1119 4841 diceret
1134 4773 1218 4840 solum
1234 4785 1266 4838 ad
1287 4793 1385 4837 tantam
1406 4781 1538 4836 sarcinam
1554 4787 1688 4838 sustinen-

901 4878 961 4933 dam
979 4891 1031 4931 non
1046 4890 1124 4945 posse
1137 4875 1272 4937 sufficere,
1287 4880 1395 4940 rogatur
1413 4871 1512 4940 pariter
1526 4873 1688 4926 verreralritis
1733 4877 1735 4880 ’

901 4966 1060 5021 Laurentius
1073 4962 1276 5019 Mediolanensi<
1285 4959 1426 5029 episcopus
1439 4977 1444 5012 :
1457 4960 1502 5028 qni
1515 4959 1688 5028 profectione

903 5055 1056 5110 Ravennam
1071 5055 1150 5108 etiam
1164 5052 1263 5122 pariter
1277 5059 1469 5119 pervenerunt,
1483 5050 1600 5119 suscepti
1612 5066 1688 5105 reve·

901 5159 1002 5204 rentcr.
1027 5147 1169 5216 Postquam
1193 5144 1246 5198 illis
1271 5141 1368 5210 agendi
1388 5141 1477 5195 aditus
1501 5141 1621 5197 reclusus
1637 5151 1687 5205 est,

936 5284 946 5314 ⁸
963 5279 1019 5333 ftur
1031 5295 1119 5332 rursus
1133 5282 1166 5329 ud
1183 5273 1266 5346 illem]
1281 5275 1368 5329 Tertia
1383 5274 1441 5328 lraec
1457 5274 1597 5341 Epipfranii
1614 5273 1686 5338 lega-
1736 5315 1738 5319 ,

901 5352 949 5414 tto,-
963 5353 988 5404 in
1008 5365 1059 5416 ntra
1075 5348 1202 5414 collegam
1225 5347 1315 5399 babuit
1338 5343 1508 5400 Lautrentlnm
1532 5345 1686 5411 episcopum

900 5421 1135 5479 Mediolanensem,
1150 5416 1181 5468 ad
1198 5416 1402 5472 'silendae-icum,
1417 5413 1450 5467 de
1465 5410 1616 5474 alnnganda
1629 5409 1688 5487 lega

899 5505 978 5615 guam
995 5492 1121 5541 universus
1143 5501 1189 5539 ees
1213 5488 1308 5539 tulerat
1330 5485 1373 5550 ιμιί
1399 5489 1553 5535 steteranta
1569 5477 1687 5546 partubus

923 5558 1037 5613 doceris.
