3906 6180
93 295 130 353 so
536 344 539 349 .
718 296 1040 359 urtsrottttttuttu.
1058 302 1105 358 rt.
1487 271 1489 274 ’
1669 261 1722 369 ιι

71 416 214 490 ,msoupta
229 409 383 466 reddantur.
398 409 488 474 Saite.
502 411 627 473 domine.
644 422 670 468 et
684 414 709 467 in
721 416 881 470 sententiam
896 421 919 478 Α
933 427 1026 473 serunt
1046 419 1178 489 lacrymas
1191 418 1394 475 submissorum.
1408 421 1460 477 Sed
1473 422 1535 478 binc
1553 424 1639 481 alias:
1657 441 1718 482 cum

91 515 178 557 rursm
193 499 290 556 affectu
304 502 451 570 imperante
464 502 593 556 carneade.
612 502 684 558 Vale.
934 508 1093 575 perlatorem
1106 507 1237 575 videritis,
1251 519 1340 563 uotum
1354 508 1479 566 dictantis
1492 517 1650 581 agnoscetis.
1664 515 1720 571 Uti·

252 670 261 680 ,
335 591 502 648 epistota
523 593 630 648 xxxii.
932 611 997 650 nam
1008 596 1055 650 iilo
1069 597 1139 664 apud
1161 597 1370 665 magnitudinem
1388 611 1503 655 uestram
1517 602 1720 672 supplicationis

354 697 483 737 ennomus
501 698 616 739 esserto.
931 696 1027 740 euentu
1047 687 1185 754 alleganda
1199 687 1337 753 conciliet,
1357 705 1438 758 quoa
1460 708 1502 747 me
1517 692 1619 749 litteras
1634 694 1718 764 impe-

122 772 155 837 βᾶ
169 771 203 828 ad
216 772 413 842 exsequendam
428 772 565 827 sufficeret
583 786 672 827 sermo
686 772 840 834 caritatem.
856 772 880 828 si
931 776 1020 831 trarit.
1033 777 1171 832 Mulierem
1183 779 1352 848 religiosam,
1369 797 1527 851 pauperem,
1541 785 1574 865 qe
1586 785 1657 843 bono
1672 802 1719 843 ne-

89 871 175 920 totam
191 860 302 916 tutantia
317 860 474 929 explanaret
489 861 628 928 allectum,
644 861 686 916 cui
702 862 785 932 magis
800 877 879 933 quam
930 864 1003 934 gotio
1026 877 1231 935 praesumentem
1251 883 1340 925 sermo
1354 873 1480 941 praelatus
1496 874 1632 930 insinuat:
1648 850 1719 931 esti·

89 953 166 1008 robis
182 952 340 1022 paginarum
363 951 540 1020 irequentiam
559 951 765 1021 praestaremus?
785 960 813 1007 ct
828 952 879 1008 nisi
930 966 1001 1011 mate
1012 955 1034 1009 si
1048 955 1227 1025 fragilitati,si
1234 957 1345 1026 jnttne
1360 974 1402 1029 opt
1414 961 1479 1015 rtuit
1490 962 1570 1017 rerba
1583 963 1716 1021 subduci:

89 1058 206 1104 arctaret
215 1047 340 1102 meritum
351 1046 476 1115 pectoris,
489 1045 554 1102 nulli
564 1045 669 1117 dignius
681 1046 809 1101 militares
822 1061 880 1101 ser·
930 1047 953 1098 si
965 1045 1094 1100 contenit
1105 1061 1148 1103 me
1163 1046 1204 1101 rei
1219 1047 1308 1103 ollicio
1322 1047 1433 1117 deesse,
1446 1050 1488 1106 rel
1502 1053 1631 1106 moribus.
1646 1052 1716 1108 iicce

88 1139 175 1195 monis
185 1137 317 1193 amotum.
333 1137 385 1192 etti
404 1136 529 1191 allectum
547 1151 624 1205 quem
638 1144 726 1191 merite
739 1137 877 1201 nesciunt,
929 1147 979 1202 ego
996 1136 1175 1191 reverentiam
1195 1137 1289 1193 salutis
1309 1137 1484 1208 impendens,
1509 1140 1574 1210 qnid
1598 1141 1717 1211 partibus

87 1247 136 1288 ore
159 1239 301 1293 tesmntnn
325 1238 353 1285 et
376 1229 486 1298 pingunt
508 1228 675 1283 illecebrosis
702 1226 876 1297 epistolarum
929 1224 1000 1279 treis
1014 1223 1139 1278 deberem
1154 1235 1318 1281 contestatus
1340 1244 1420 1284 sum:
1439 1231 1514 1284 robis
1534 1232 1597 1300 quid
1613 1246 1716 1291 reman-

87 1331 223 1375 saomenta
237 1317 426 1383 commerciis,
445 1317 553 1386 quando
576 1317 677 1372 feriatis
697 1316 878 1386 penetralibus
928 1313 1003 1378 serit,
1018 1313 1169 1369 attendite:
1183 1315 1245 1383 qnia
1265 1317 1336 1371 sicut
1355 1333 1493 1384 personam
1507 1336 1594 1375 meam
1609 1336 1657 1388 pro
1669 1337 1717 1376 su-

86 1426 161 1466 amor
176 1419 248 1465 totus
261 1409 288 1463 in
304 1409 393 1478 linqua
408 1415 458 1471 est,
474 1421 524 1463 nec
537 1407 610 1461 alind
626 1407 659 1462 ad
675 1408 802 1463 interiora
814 1419 877 1476 per·
929 1415 974 1466 pra
989 1401 1068 1457 dicte
1079 1403 1216 1459 rotunntc
1227 1406 1329 1473 petitio,
1343 1406 1376 1461 ita
1392 1417 1507 1462 vestram
1521 1410 1631 1466 allectus
1645 1411 1716 1480 aspi.
1827 1460 1833 1469 ⁸

86 1501 204 1568 ducitur,
229 1499 280 1555 nisi
300 1508 428 1570 quantuni
451 1499 477 1553 in
501 1499 649 1568 scriptione
669 1497 817 1554 conlcrtur.
842 1497 877 1553 st
927 1491 990 1548 ciel·
1004 1491 1080 1546 Vale·

84 1607 161 1647 meus
173 1606 236 1661 erqx
248 1589 421 1657 rosanimus,
436 1589 536 1659 eloquii
553 1603 661 1655 pressus
672 1589 768 1654 macie,
784 1588 875 1644 amiel·
952 1644 953 1647 ,

86 1684 132 1737 tiss
146 1681 268 1736 ubertate
278 1680 416 1735 conticuit.
433 1678 522 1735 lietuo
535 1678 618 1744 enim,
632 1694 665 1733 ne
676 1679 767 1748 gratim
782 1676 873 1731 termi-

1169 1587 1333 1643 c‘a‘tSTOLb
1354 1587 1472 1644 xttlttt'.

1185 1690 1312 1732 ssuomus
1330 1693 1452 1734 sensato.

87 1786 151 1824 nram
171 1779 255 1841 ponat
276 1769 400 1825 mendica
422 1767 601 1824 confabulatio
617 1786 624 1822 ε
640 1767 757 1823 neidem
780 1764 915 1834 modusB
961 1765 1034 1821 ttttrtt
1052 1775 1095 1822 est
1108 1768 1231 1837 equidem
1255 1770 1326 1839 qnod
1349 1785 1402 1824 non
1424 1786 1439 1824 a
1459 1773 1515 1828 reri
1528 1784 1572 1830 ate
1592 1775 1618 1831 in
1633 1776 1715 1836 altum

85 1870 191 1930 putetur
201 1874 262 1916 esse
272 1858 438 1937 sermoniset
449 1856 567 1913 ioederis.
579 1856 674 1911 lleiius
683 1853 791 1925 est'plns
801 1854 874 1909 msti-

84 1952 193 2006 mationi
210 1966 260 2020 per
277 1949 413 2005 silentium
434 1948 589 2012 dimittere,
612 1961 690 2016 quam
707 1953 871 2008 monstrare,

84 2043 234 2110 d'siqentiae
248 2041 343 2095 damna
359 2054 406 2108 per
418 2039 530 2093 litteras.
545 2037 620 2092 Ecce
627 2036 736 2090 rarioris
746 2033 871 2102 colloquii

85 2147 182 2195 sarisas
195 2130 307 2198 asserui,
320 2129 430 2184 credens
444 2127 513 2197 apud
526 2139 574 2181 ros
586 2141 601 2178 a
615 2124 769 2181 sinceritate
782 2122 871 2179 debita

84 2220 240 2276 iacnmdiam
260 2219 419 2289 posthaberi.
435 2217 511 2284 Quod
532 2223 672 2286 superest,
696 2214 819 2278 salvete,
835 2211 872 2266 mi

83 2312 204 2377 domine,
219 2325 245 2368 et
261 2311 360 2367 divinis
374 2311 413 2366 usi
429 2308 584 2373 beneficiis,
600 2306 761 2375 procedente
778 2304 830 2357 rita
846 2302 873 2357 iu

83 2406 210 2474 longum,
233 2402 351 2460 sustenta
371 2401 494 2456 mandata
515 2399 656 2467 complete.
679 2395 781 2450 inrenit
799 2393 871 2448 enim

83 2496 154 2565 spad
169 2509 233 2560 ros,
253 2509 314 2549 cum
328 2509 344 2548 a
357 2491 464 2548 euronio
478 2490 590 2560 ceperit
604 2488 770 2557 barntqnttas,
786 2484 873 2541 inere·

83 2597 213 2643 mestum.
233 2586 304 2641 Vale.

325 2672 490 2730 littetolt
511 2669 630 2727 ltltltttt.
740 2722 742 2726 ,

351 2778 479 2819 ennomus
496 2776 609 2818 rsusro.

120 2854 262 2925 Proposita
272 2853 456 2924 obsequuntur
467 2853 580 2923 paginae,
592 2849 687 2920 quibus
699 2843 871 2903 commenda·

84 2947 121 3004 tio
134 2956 277 3015 prestatur
288 2944 406 3001 abietis.
419 2945 447 3000 in
462 2945 503 3000 bis
516 2945 587 3008 enim
600 2945 670 2999 clara
682 2949 723 2996 est
734 2937 872 3008 religionis

926 1857 1068 1915 ambitioso
1089 1860 1198 1913 tollatur
1217 1859 1333 1931 eloquio.
1355 1861 1409 1917 Sed
1430 1878 1480 1932 eqo
1497 1865 1531 1918 ad
1548 1866 1712 1937 diligentiam

925 1947 997 2000 circa
1012 1961 1060 2000 sos
1070 1948 1157 2015 patior
1171 1963 1258 2004 meam
1271 1952 1403 2005 sermonis
1413 1952 1561 2009 inlantiam.
1573 1955 1712 2026 Nrrnqnam
1824 1967 1827 1972 '

926 2036 1037 2106 perluit
1055 2037 1149 2118 lingna
1167 2040 1271 2095 caritati
1286 2056 1415 2111 :semper
1435 2044 1568 2114 subjacuit
1584 2046 1639 2102 oris
1653 2049 1713 2103 otb-

925 2129 996 2183 cium
1008 2130 1085 2185 bonae
1100 2132 1283 2187 conscicntia.
1298 2133 1338 2189 0b
1358 2135 1409 2202 boc
1424 2145 1484 2191 utor
1496 2140 1639 2194 securitate
1653 2156 1712 2195 mo-

926 2219 1031 2276 nitoris.
1056 2221 1113 2277 Non
1137 2223 1254 2291 credidi,
1281 2232 1354 2282 tanto
1370 2232 1488 2296 tempore
1511 2232 1713 2301 amplitudinem

925 2320 998 2367 tuam
1010 2312 1061 2369 mei
1075 2314 1259 2370 immemorem
1270 2317 1309 2370 sic
1320 2317 1447 2384 laturam,
1460 2329 1488 2373 nt
1497 2322 1577 2376 etiam
1587 2324 1713 2380 solemni·

924 2405 973 2461 bus
988 2405 1127 2475 colloquiis
1140 2406 1288 2464 abstineres
1301 2427 1307 2462 :
1323 2419 1352 2464 ut
1365 2411 1417 2465 illac
1427 2427 1486 2481 truse
1496 2415 1583 2475 solent
1594 2414 1714 2472 alleotio·

925 2511 986 2552 nem
1000 2497 1140 2567 imaginata
1153 2496 1240 2553 ltonte
1250 2499 1387 2561 simulare.
1400 2513 1561 2575 neqxnrnntur
1571 2505 1641 2561 iuter
1652 2518 1712 2575 per·

923 2603 1004 2644 sonas
1018 2591 1119 2643 catenis
1133 2588 1241 2644 ioedcris
1253 2586 1393 2660 obliquas.
1407 2591 1501 2650 limosi
1517 2595 1634 2651 valerem
1650 2612 1711 2651 nar-

925 2697 996 2748 rare,
1012 2688 1130 2749 poteram
1144 2668 1287 2737 sustinere.
1301 2683 1371 2738 Eece
1384 2685 1479 2741 iterum
1494 2688 1598 2758 scribo,
1613 2699 1641 2746 et
1653 2706 1712 2761 quae

924 2778 1014 2833 serbis
1028 2792 1131 2843 assero,
1147 2779 1281 2847 sequenda
1297 2787 1380 2834 testor
1392 2782 1533 2850 exemplis.
1546 2782 1600 2840 i'os
1617 2785 1712 2841 rideri-

925 2868 959 2922 tis
972 2866 1050 2935 quate
1062 2867 1097 2921 sit
1107 2869 1218 2936 possitae
1229 2867 1361 2923 desideria
1373 2869 1484 2927 boneta
1496 2872 1630 2942 negligere
1642 2892 1648 2926 z
1659 2890 1713 2944 eqo

925 2959 1011 3014 dolori
1025 2958 1177 3027 pat'emiam
1192 2973 1241 3012 usn
1256 2958 1393 3013 institutus
1406 2960 1531 3015 adntbo.
1546 2962 1622 3017 Vale.

84 3035 229 3107 intrpritas,
245 3053 307 3109 qnae
320 3038 393 3094 antio
406 3036 599 3107 potentioribus
613 3035 675 3089 luco
689 3031 814 3087 blanditae
828 3041 871 3083 as·
1648 3088 1652 3093 ,

401 3127 1697 3158 .....-......-------—--————-———--·

618 3237 807 3341 LIBER
839 3221 1162 3352 QUARTUS.

329 3472 494 3531 qusqoqpq
510 3469 626 3527 ppfflp,
885 3456 911 3518 c
930 3448 1152 3504 'Marcellianum
1167 3447 1320 3518 episcopum
1331 3447 1430 3504 directa
1446 3458 1488 3506 est
1501 3466 1515 3503 s
1528 3450 1609 3508 tratre
1622 3464 1710 3511 vestro

268 3581 396 3622 monn„
415 3567 424 3598 ι
444 3578 581 3621 „meno
598 3574 681 3615 pm,
923 3542 1051 3597 instructa
1062 3540 1157 3609 legatio
1168 3556 1175 3595 ε
1188 3541 1234 3596 sed
1245 3540 1308 3610 quid
1319 3541 1483 3610 promoverit
1493 3540 1551 3613 ipse
1563 3547 1707 3615 rescripsit.

120 3657 183 3712 amq
197 3657 367 3727 impetam,
382 3664 423 3711 e„
434 3654 574 3726 probatam
588 3651 615 3705 q„
634 3650 692 3704 2010
707 3645 800 3701 mitius
812 3642 870 3697 ant.
922 3635 998 3700 and
1011 3643 1104 3698 restat,
1118 3635 1249 3704 porrectis
1263 3633 1431 3689 salutationis
1447 3633 1542 3706 precor
1554 3635 1666 3706 oltctts,
1680 3648 1709 3693 nt
1764 3704 1767 3712 .

83 3761 158 3815 piare
175 3739 319 3810 virentem
340 3753 368 3799 nt
386 3743 513 3801 tortitudo
527 3740 614 3797 landis
628 3737 733 3810 pabulis
747 3736 868 3800 inritata,
920 3725 1047 3796 quidquid
1060 3740 1160 3794 agrum
1171 3734 1211 3779 est
1222 3723 1323 3778 medica
1334 3726 1455 3781 oratione
1467 3729 1566 3782 curetis
1579 3745 1586 3783 :
1601 3737 1628 3786 et
1639 3729 1708 3784 intr-r

82 3840 110 3893 q„
135 3837 261 3893 500⁰„qu
284 3835 471 3909 congressibus
496 3832 615 3890 dediscat
643 3829 710 3885 ιω,
735 3827 870 3882 affectum,
921 3814 1059 3869 latentium
1071 3823 1173 3869 secreta
1185 3815 1347 3877 morborum,
1359 3817 1404 3884 qni
1416 3815 1442 3870 in
1453 3816 1604 3885 generalem
1615 3833 1708 3874 necem

82 3928 165 3997 Cujus
179 3928 262 3983 robur
276 3927 352 3981 tineis
365 3925 499 3998 praeconio
514 3940 566 3981 non
581 3920 716 3978 nutritnrl
730 3919 825 3988 quibus
839 3928 869 3971 se
922 3917 1055 3969 timuit,
1069 3903 1140 3959 fello
1150 3904 1263 3974 spiritali
1276 3908 1403 3960 resecelts
1414 3920 1545 3963 errorem·
1561 3905 1636 3965 Vale.

82 4018 214 4090 denegent
228 4017 309 4073 etiam
325 4016 411 4072 minus
424 4014 509 4071 talida
531 4015 624 4070 tironis
638 4012 756 4068 membra
770 4007 866 4064 conbt·
954 4006 956 4011 ’
1204 3994 1369 4052 ΕΡΙὸΤΟΙιΑ
1389 3997 1419 4052 ΙΙ·

81 4109 186 4175 stibus,
210 4107 317 4179 quando
340 4107 453 4162 rectnris
472 4104 624 4162 testimonio
648 4103 721 4158 ridet
741 4100 792 4155 sibi
816 4114 869 4155 son
1186 4122 1311 4162 sanamus
1330 4124 1443 4164 autcost.
1503 4100 1507 4106 ’

82 4200 172 4269 perire
182 4197 252 4268 quod
263 4195 392 4268 qrsserttt
404 4196 464 4251 Sola
476 4195 517 4250 ria
527 4205 567 4250 est
581 4208 630 4264 qna
645 4191 678 4246 ad
695 4188 868 4263 preliandum
957 4199 1119 4255 Venerabilis
1138 4199 1275 4254 amantius
1298 4201 1445 4272 presbyter,
1462 4202 1526 4257 dum
1540 4202 1572 4258 ad
1591 4217 1640 4258 vos
1659 4219 1706 4274 pa-

82 4300 192 4347 crescat
206 4291 328 4358 intentio,
341 4289 465 4361 quotiens
478 4288 546 4343 bene
558 4296 632 4358 qesta
644 4298 696 4341 non
711 4283 783 4339 delet
799 4282 868 4336 obli·
918 4289 994 4358 pinus
1007 4289 1104 4357 csiqtt,
1120 4303 1177 4343 rom
1194 4288 1343 4342 denotionis
1365 4305 1431 4343 rneae
1446 4292 1487 4343 sui
1501 4305 1562 4346 esse
1582 4292 1643 4347 lecit
1658 4295 1706 4347 im·

81 4384 141 4438 sio.
159 4382 263 4438 Utinam
278 4383 401 4438 divinitas
417 4380 512 4436 restris
527 4388 598 4435 mota
616 4376 739 4449 precibus
754 4377 765 4408 ¹
778 4375 870 4431 diabo-
921 4379 998 4450 perii.
1010 4378 1084 4455 ifelis
1094 4379 1251 4445 necessitas,
1263 4394 1323 4449 qum
1334 4379 1404 4448 totis
1413 4389 1521 4448 praestat
1531 4382 1704 4452 obsequium·

81 4476 165 4531 licum
179 4487 312 4530 certarnen
325 4474 472 4530 interimat!
489 4473 589 4529 utinam
600 4470 770 4526 devotionem
782 4479 869 4521 meam
921 4471 1004 4528 libera
1015 4471 1210 4543 praeeminentis
1222 4470 1317 4541 iussio,
1330 4487 1389 4542 quse
1401 4472 1485 4527 servit
1494 4470 1609 4528 allectui.
1622 4472 1707 4529 Debet

81 4568 108 4620 in
125 4580 192 4635 pare
206 4565 370 4621 maniiestet!
392 4572 421 4617 nt
433 4561 508 4634 cnjus
530 4562 645 4617 studium
667 4556 808 4631 resignarit
823 4554 869 4609 ad·
922 4561 986 4617 anthi
997 4571 1114 4630 coactor,
1127 4561 1196 4632 quod
1206 4576 1271 4617 meae
1282 4561 1406 4631 prestitit
1417 4560 1545 4616 uoluntati
1557 4579 1564 4614 :
1578 4562 1706 4631 prospera
1729 4559 1733 4568 '

80 4659 207 4723 versitas,
220 4658 291 4713 illius
305 4655 448 4713 concordia
465 4654 634 4739 commendet
646 4651 815 4723 obsequium.
829 4648 869 4705 Ad
921 4665 964 4711 est
974 4654 1066 4724 scripti
1077 4676 1094 4723 ι,
1106 4671 1165 4724 qnae
1178 4656 1357 4711 testimonium
1372 4655 1462 4710 tribuit
1475 4655 1514 4708 bis
1525 4656 1609 4708 arnori
1623 4653 1705 4713 :dum

116 4792 127 4821 ¹
144 4789 300 4859 Symmacho
313 4785 398 4858 papae]
413 4786 490 4855 Papa
504 4799 601 4840 nonren
614 4783 658 4838 uni
667 4783 789 4837 Romano
803 4795 870 4850 pon·
921 4795 949 4839 ct
962 4784 1027 4839 aiios
1041 4786 1152 4838 aliarum
1166 4785 1301 4837 civitatum
1317 4783 1455 4853 praesules.
1471 4797 1523 4836 non
1535 4783 1613 4837 aliter
1627 4799 1708 4854 quam

81 4858 147 4915 sitici
161 4868 288 4928 tanquam
303 4858 439 4926 proprium
449 4865 475 4911 ct
493 4855 638 4923 peculiare.
654 4854 767 4935 primus.
780 4865 807 4905 ¹¹¹
831 4851 869 4906 ιὶ-
920 4855 1061 4924 episcopos
1073 4863 1159 4908 vocat.
1173 4852 1264 4921 Neque
1277 4868 1371 4906 onmes
1390 4863 1478 4908 tamen
1495 4854 1545 4906 boc
1562 4855 1598 4907 ita
1612 4869 1705 4910 esem·

77 4930 171 4993 detur,
183 4930 298 4982 asseruit
315 4925 459 4981 Ennodius.
470 4924 534 4978 iiam
550 4936 760 4992 cumeprscopos
774 4936 867 4976 omnes
920 4927 993 4993 plum
1018 4934 1107 4994 postea
1125 4924 1209 4978 secuti
1223 4931 1294 4988 sunt,
1314 4921 1377 4992 quin
1393 4923 1516 4990 permulti
1537 4923 1704 4979 diversarum

81 5011 165 5067 papas
177 4999 269 5052 caeteri
283 4995 339 5052 iere
371 4994 398 5048 ui
412 4993 538 5064 rjrtsbsn
555 4993 668 5059 proximi
684 4991 799 5049 inerunt.
821 5006 867 5060 ap·
919 4993 1047 5062 gentium,
1065 4994 1306 5061 praeeminentia
1330 4990 1446 5053 ltaliam,
1461 4993 1606 5061 scriptores
1630 5008 1705 5063 pape

81 5069 183 5136 pellere
196 5067 346 5132 vilescent
382 5064 498 5128 idonius,
511 5062 637 5125 Faustus,
655 5061 867 5130 ituricius;ipse
919 5078 1016 5118 trotnen
1037 5063 1147 5130 reliquis
1170 5065 1234 5116 item
1250 5061 1548 5128 episcopistribtteriut,
1572 5062 1705 5131 usquead

81 5148 212 5205 perpetuo
225 5133 380 5191 discrimine
394 5134 527 5188 antistites
549 5133 711 5202 reliquarum
735 5131 866 5185 Ecclesia·
919 5144 1038 5202 tempora
1054 5129 1177 5201 Gregorii
1190 5145 1237 5194 ιιι,
1250 5130 1297 5199 qui
1314 5132 1339 5185 in
1353 5131 1456 5201 syuodo
1465 5130 1705 5201 Romanaprimns.

83 5222 140 5259 rnur
157 5207 299 5274 episcopos
320 5211 405 5268 roeat,
431 5217 526 5272 papam
541 5203 628 5256 solum
643 5201 771 5255 ilornanae
794 5198 867 5256 sedis
918 5213 973 5256 uta
990 5200 1104 5257 baronio
1129 5200 1266 5255 cardinato
1290 5200 1459 5254 obseruatum
1478 5209 1540 5270 est,
1556 5200 1649 5268 edixit,
1676 5207 1705 5255 ut

83 5274 246 5341 pontificem,
257 5274 313 5328 sire
323 5288 385 5328 cum
402 5273 437 5327 titi
450 5273 552 5333 scribit,
565 5281 593 5325 ut
604 5270 764 5340 Spmmacbo
778 5283 863 5338 papae,
917 5280 993 5340 pupoe
1003 5284 1097 5323 nomen
1114 5268 1192 5323 unius
1204 5270 1238 5321 sit
1249 5269 1274 5322 in
1288 5268 1353 5323 orbe
1364 5267 1526 5324 Christiano.

83 5345 222 5398 etdcnno
236 5343 390 5412 pape‚site
410 5356 470 5396 oum
487 5342 522 5396 de
538 5339 866 5409 illoapudalioanit,at
960 5342 970 5372 ¹
1000 5338 1341 5463 litniolicsnncerttnnenl1
1367 5338 1549 5394 Laurentianm
1583 5339 1705 5394 factionis

83 5414 165 5467 libra
188 5412 268 5480 epist.
282 5413 325 5480 lb,
342 5413 390 5468 lib.
406 5427 441 5475 rt,
462 5413 542 5480 epist.
567 5409 602 5464 ts
622 5418 651 5464 et
675 5410 792 5477 passim..
805 5406 864 5463 Pari
917 5409 1107 5474 sctrtsrnattea,
1124 5423 1184 5478 quse
1198 5408 1324 5478 Sytrsmac
1344 5425 1388 5465 um
1408 5410 1488 5466 variis
1510 5408 1598 5464 modis
1616 5423 1704 5476 oppu-

83 5494 138 5545 nost
154 5483 305 5538 Enrtodium
330 5481 484 5550 discrimine
508 5480 533 5533 in
548 5479 606 5548 ejus
622 5480 695 5533 uocis
710 5478 863 5546 usurpatio·
916 5479 1017 5550 quatit.

82 5566 140 5605 nrm
163 5566 227 5607 usns
250 5561 293 5607 est
317 5550 493 5608 Cassiodorus
512 5549 577 5620 :qui
601 5564 661 5604 curn
687 5547 860 5628 bonifacium,
956 5545 1552 5670 ⁸llcrcellinnmepiscopnmkelquileicnsem.
1577 5544 1616 5599 Ad
1632 5543 1704 5602 bunc

82 5624 228 5689 agapetum
242 5621 410 5677 etloannem
427 5621 554 5675 Romanae
568 5618 641 5674 sodis
661 5620 801 5684 ponnttces
818 5632 864 5686 pa·
919 5634 966 5688 pro
985 5618 1146 5687 spnrrnnactn
1165 5619 1308 5685 scriperat
1343 5616 1478 5670 ausentius
1492 5614 1635 5683 episcopus
1648 5616 1704 5674 iic·

81 5704 126 5757 pas
142 5692 272 5760 nominet,
289 5693 459 5762 eustorgium
471 5699 498 5746 et
521 5689 627 5744 batinm
648 5687 864 5753 liediolancnsis,
919 5687 1096 5752 diolancnsis,
1112 5704 1191 5758 quem
1204 5689 1238 5744 ab
1253 5687 1373 5742 Enrrodo
1388 5684 1521 5754 designari
1536 5692 1610 5756 puto.
