3906 6180
108 336 174 396 iras
377 379 383 390 .
764 339 951 434 munerea
971 336 1035 402 ιιι.
1055 347 1076 401 ι.
1156 312 1162 328 ‘
1667 341 1737 406 aare
1840 384 1845 391 .

106 452 181 525 quasi
206 456 370 528 unaquaeque
389 471 455 528 cens
473 453 585 527 gaudet.
603 454 699 513 eodem
720 458 815 526 modus
837 459 895 530 ipse
907 462 934 525 Α
946 463 987 514 και
1001 461 1071 515 iaris
1086 461 1170 530 ἀγῶνα
1183 463 1232 531 rep
1245 457 1399 535 'eiroorstap
1410 457 1542 538 atpsrpap
1555 463 1658 537 ἀπριιιῆ
1670 460 1737 518 darr-
1775 486 1778 493 ·

107 551 235 607 vocabulo
249 563 426 622 noncupatur.
438 551 542 606 Gaudet
556 550 652 606 ‘enim
665 565 729 622 pens
741 552 827 607 modis
839 567 896 609 sno·
949 563 1060 616 „reparo
1074 560 1121 615 rea
1132 565 1168 614 re
1188 559 1259 631 prid
1274 557 1424 626 διασκιυάν,
1438 561 1486 637 τὰρ
1500 562 1549 638 γὰρ
1565 567 1615 634 reip
1630 562 1737 642 ιιριῆαρ

107 657 164 700 tum
180 644 365 701 similitudine.
384 644 476 715 Neque
493 643 563 699 etaim
580 642 640 699 fleri
653 652 744 714 petest
763 651 792 700 ut
805 646 896 702 mollia
947 659 1038 737 ὦδῑραρ
1050 661 1096 716 οὐκ
1105 657 1192 716 ἔνδικα
1204 663 1256 736 reip
1270 662 1334 736 stup
1347 657 1459 716 δίδασκε.
1469 659 1587 718 hidenses
1597 662 1664 732 trip
1678 662 1738 718 a·ati·¹

106 736 189 803 danis,
207 737 272 793 dura
294 738 460 793 mollioribus
488 735 665 793 adnectantur
684 745 729 793 aut
752 737 894 809 gaudeant.

106 827 158 882 Scri
174 844 291 885 sanorem
305 830 563 909 delectationemque
586 830 628 902 (ιι
639 830 740 886 dictum
754 831 807 901 est)
821 831 896 887 simi·

107 917 190 973 titudo
204 920 339 975 conciliat.
355 919 429 976 Unde
439 921 515 976 Plato
527 921 607 976 etiam
619 921 736 977 maxime
745 923 894 978 carendum

947 785 998 819 των
1015 769 1067 841 reip
1081 760 1205 837 {inediap
1216 763 1260 818 sal
1272 767 1325 839 τῶρ
1340 761 1436 838 δρόρωρ
1449 760 1596 836 pipiantes
1609 758 1738 836 uspiam.

949 881 975 914 a.
990 883 1016 916 τ.
1028 860 1053 914 λ.

107 1009 250 1073 existimat,
264 1024 297 1066 ne
310 1009 343 1065 de
358 1011 425 1067 hene
444 1019 545 1067 morata
559 1011 660 1067 musica
673 1011 773 1083 aliquid
788 1028 897 1083 permu·
984 962 1060 1032 Qum
1079 964 1233 1020 emitum
1252 962 1278 1020 ¹⁶
1297 966 1401 1021 mucel
1418 970 1554 1030 maneb
1575 962 1676 1019 mm
1695 962 1741 1019 Τι’

107 1106 185 1153 tctur.
197 1099 279 1169 Negat
292 1102 363 1157 enim
378 1117 439 1159 csse
457 1102 537 1157 ultam
552 1098 659 1159 ‘tantam
674 1116 778 1159 mamm
800 1103 828 1159 in
849 1118 895 1160 re·
948 1063 1059 1120 ΝΟΜ
1073 1063 1177 1120 ΗΜΘ
1191 1063 1341 1134 ⁵⁹³¹¹i⁸¹²⁵
1352 1063 1550 1132 ⁸⁰⁰⁰⁶⁰⁸¹¹i⁸⁵⁶'
1564 1065 1635 1136 ‘¹⁰⁰⁶
1649 1063 1740 1123 Μ’

106 1188 209 1259 publica
224 1189 320 1256 lahem,
333 1209 411 1262 quam
424 1195 551 1263 paulatim
564 1193 598 1250 de
612 1193 720 1266 pudenti
732 1210 765 1252 ae
776 1195 896 1252 modesta
949 1164 1046 1236 ΝΜ
1060 1164 1190 1220 mmm
1209 1165 1326 1223 'edim
1339 1181 1484 1236 ”nmium
1499 1165 1598 1221 ’Μὴ
1615 1180 1683 1237 (¹⁰⁰⁸
1697 1181 1740 1225 ’θ’

105 1281 205 1336 musica
220 1281 364 1338 invertere.
384 1283 480 1340 Statim
495 1285 566 1340 enim
582 1285 652 1340 idem
667 1301 773 1356 quoque
785 1285 897 1342 audicu—
919 1284 922 1291 ’
948 1277 1057 1338 &lim
1071 1267 1246 1335 ‘fudi‘fldilh
1264 1268 1397 1336 “mim'’
1414 1278 1442 1325 ‘³‘
1454 1282 1470 1325 ⁸
1483 1266 1591 1326 'isium
1607 1267 1741 1348 ΜΨ

106 1372 172 1426 tiam
185 1373 366 1442 animospatt,
383 1375 563 1444 paulatimque
575 1377 726 1445 discedere,
741 1377 897 1449 nullumque
949 1368 1121 1438 itaeiedifeh
1141 1375 1171 1425 0⁸
1193 1369 1264 1439 quod
1288 1368 1465 1438 innitimini,
1487 1384 1568 1441 titiam
1591 1373 1740 1431 modeim

105 1461 213 1518 innesn
230 1478 262 1518 ac
279 1464 346 1519 recu
362 1466 477 1523 retinas
491 1465 644 1536 vestigium,
659 1468 683 1523 n
700 1469 742 1524 ret
758 1483 806 1539 prr
819 1468 898 1525 tasci-
947 1469 1116 1531 susceperat,
1133 1461 1159 1516 n
1171 1460 1469 1531 cenuichromatimm.
1485 1460 1556 1531 quoa
1569 1460 1740 1539 namatius,

105 1554 194 1609 viores
208 1555 302 1610 modos
315 1555 523 1613 inverecundum
536 1557 647 1629 altered,
661 1558 704 1615 rct
718 1574 767 1630 per
778 1560 898 1630 asperio-
950 1552 1113 1608 interimi·
1130 1551 1215 1607 Tanta
1239 1553 1320 1623 initur
1335 1552 1386 1608 iiiii
1398 1551 1469 1622 titud
1488 1565 1535 1608 eoi
1558 1553 1668 1609 mtticae
1681 1549 1741 1609 iiiii·

106 1661 152 1708 ιιι
167 1646 240 1702 icrox
263 1657 344 1719 atquc
362 1649 477 1714 immane
501 1649 635 1705 mendhus
660 1650 795 1706 illabatur.
820 1649 898 1713 Nulla
949 1645 1050 1715 gentian
1064 1643 1741 1716 uteamanimosquuqueobtlucresrhitrarcntun

106 1739 178 1795 enim
194 1741 277 1810 magis
291 1741 325 1796 ad
338 1741 454 1808 animum
469 1740 618 1811 disciplinis
631 1742 897 1814 ria‚quamanrihus
951 1735 1092 1806 vulgatum
1106 1735 1206 1806 quippe
1226 1742 1277 1802 est,
1292 1750 1372 1806 qnam
1392 1748 1465 1805 saepe
1485 1734 1637 1791 iracundias
1657 1733 1741 1790 canti·

105 1842 188 1903 patet.
201 1834 266 1890 Cum
278 1849 342 1905 crgo
355 1852 402 1906 prr
412 1851 459 1892 eas
467 1836 586 1908 rhythmi
598 1836 724 1908 modique
736 1837 768 1893 ad
776 1837 896 1893 animum
950 1825 1010 1881 ¹0⁰²
1022 1826 1195 1896 nitemini
1211 1840 1291 1896 thim
1302 1826 1386 1882 multa
1395 1826 1439 1882 tel
1453 1825 1480 1882 5¹¹
1493 1839 1646 1896 0⁰fii⁰fflffls
1659 1825 1702 1881 tei
1713 1825 1741 1886 ie

106 1939 190 1994 usque
208 1924 406 1993 descenderint,
421 1927 535 1984 dubimri
555 1943 608 1984 ison
628 1937 719 2001 potest
731 1929 795 2000 quin
818 1944 897 2001 aquo
949 1923 1099 1978 animorum
1112 1921 1298 1978 allectionibus
1307 1922 1430 1978 miranda
1444 1921 1596 1992 perfecerit.
1609 1919 1657 1977 cui
1669 1919 1740 1977 enim

106 2016 315 2096 modoomentem
331 2030 411 2089 atquc
428 2021 483 2089 ipsa
500 2018 589 2076 suntb
609 2019 727 2077 elliciaht
739 2028 819 2091 atqne
833 2016 911 2087 coa„
950 2024 993 2071 cet
1013 2015 1078 2071 illud
1100 2015 1233 2086 ignotum,
1253 2016 1327 2087 qnod
1343 2015 1508 2088 Pythagoras
1525 2013 1629 2071 chriam
1650 2013 1741 2067 adole·

105 2106 232 2165 lordicat.
251 2109 278 2163 td
295 2124 360 2165 rcro
374 2110 455 2165 etiam
475 2111 585 2182 intelligi
608 2111 634 2167 in
654 2096 778 2183 peistihus
796 2120 896 2181 potest.
949 2115 1068 2188 scentem
1082 2107 1331 2164 ‘taurominitanum
1351 2107 1401 2163 suh
1414 2105 1606 2176 Phrygiimodi
1618 2119 1686 2160 sono
1702 2104 1742 2160 in·

105 2197 171 2253 Nasu
186 2215 245 2270 qrrae
259 2203 411 2269 asperiores
421 2183 634 2268 snnt'Getarum
652 2202 807 2258 durioribus
822 2201 897 2258 dele-
948 2200 1070 2265 citatum,
1086 2198 1207 2266 spondeo
1220 2199 1377 2256 susumus
1398 2196 1547 2255 reddiderit
1566 2195 1701 2252 mitiorem
1712 2203 1741 2255 et

104 2300 210 2346 ctantor
232 2293 328 2349 niudis.
349 2293 414 2364 Quas
433 2307 497 2348 sero
524 2301 674 2362 mansuete,
702 2293 894 2359 mediocribus,
947 2293 991 2346 sui
1016 2298 1179 2360 compotem.
1199 2291 1265 2348 liam
1278 2306 1349 2358 ,cuna
1367 2300 1487 2347 scortum
1507 2289 1536 2346 in
1553 2289 1645 2346 alsatis
1659 2288 1741 2344 dome

104 2396 254 2453 quanquam
279 2384 304 2438 id
321 2385 370 2440 hoc
388 2394 507 2455 tempore
531 2399 600 2455 pene
619 2385 722 2440 nullum
744 2393 796 2440 est.
816 2383 893 2452 Quod
948 2382 1163 2450 essetclansum.
1174 2392 1255 2453 atque
1268 2381 1314 2440 ille
1327 2381 1419 2439 turena
1433 2381 1542 2437 domum
1555 2378 1741 2438 relictamhu·

104 2490 168 2531 vcro
181 2477 309 2533 lascivum
322 2493 354 2533 ac
366 2477 446 2543 molle
455 2475 755 2548 cstpenushnmanum,
768 2476 794 2532 id
807 2484 892 2532 totum
947 2487 1019 2541 rere,
1035 2488 1151 2544 cumque
1161 2471 1328 2546 Pythagoras
1337 2472 1476 2529 stellarum
1490 2485 1584 2528 cursus
1593 2470 1635 2541 (ut
1644 2469 1670 2528 ei
1681 2484 1740 2527 mos

98 2557 219 2622 ¹scenicis
232 2583 264 2623 ac
278 2568 453 2625 theatralibus
468 2568 555 2626 modis
568 2576 683 2626 tenetur.
699 2569 832 2626 Fnitrero
845 2584 894 2640 pu·
947 2575 1095 2621 nectamus
1108 2566 1177 2636 crat)
1191 2565 1346 2636 inspiceret,
1362 2566 1407 2619 irbi
1420 2561 1554 2621 intellexit
1568 2577 1635 2619 sono
1649 2560 1738 2634 Phry·

104 2660 172 2716 dens
184 2674 216 2715 ac
231 2661 352 2724 modesta
367 2662 479 2726 musica,
494 2661 557 2717 dum
571 2660 777 2730 simplicioribus
786 2661 895 2732 organis
945 2658 983 2729 cn
998 2659 1069 2715 modi
1080 2659 1230 2725 incitatum,
1245 2658 1337 2713 multis
1357 2657 1506 2711 amicorum
1520 2665 1533 2693 ⁸
1548 2652 1739 2711 admonitioni·

104 2762 238 2823 ageretur.
259 2750 308 2807 llhi
325 2765 389 2808 vero
402 2749 478 2807 varie
498 2753 682 2821 permixteque
705 2758 816 2806 tractata
842 2761 894 2816 est,
947 2752 1150 2808 busatacioorc
1160 2748 1280 2806 notuisse
1288 2748 1430 2815 decutere,
1443 2747 1541 2803 mutari
1550 2746 1660 2803 modum
1671 2758 1741 2816 pres

104 2842 194 2897 amisit
212 2841 349 2910 gravitatis
370 2852 451 2912 atque
474 2841 578 2897 virtutis
602 2839 724 2907 modum,
737 2850 763 2895 ct
783 2854 852 2909 pene
867 2839 895 2895 in
947 2842 1020 2911 oepit
1033 2849 1114 2911 atque
1126 2841 1163 2896 ita
1183 2838 1428 2896 turcatis-animum
1443 2837 1625 2894 adolescentis
1638 2834 1673 2892 ad
1684 2841 1741 2893 sta·

106 2930 296 3000 turpitudinem
314 2929 448 3001 prolapsa,
468 2930 604 2987 minimum
619 2929 754 3000 antiquam
775 2929 896 2999 speciem
949 2941 1005 2986 tum
1024 2933 1122 2987 mesatis
1142 2931 1323 3001 pacatissimas
1336 2929 1506 2999 temperarit.
1532 2928 1610 2997 Quod
1634 2927 1741 2987 scilicet

105 3032 206 3079 serrat.
221 3021 296 3079 Unde
308 3023 385 3079 Plato
398 3022 520 3094 precipit
532 3022 643 3078 minime
657 3030 782 3091 oportere
794 3035 894 3090 pueros
908 2989 1053 3078 Clitarem
1075 3021 1179 3078 'tullios
1200 3028 1395 3077 commemorat
1417 3019 1445 3075 in
1466 3035 1500 3075 eo
1520 3019 1589 3076 libro
1602 3034 1683 3092 puero
1704 3017 1740 3077 ds

105 3113 138 3170 ad
153 3128 247 3170 omnes
260 3115 355 3170 medos
369 3113 481 3180 crudiri,
505 3112 552 3170 scd
575 3115 665 3184 potius
679 3113 712 3168 ad
725 3113 846 3169 valentes
862 3127 895 3169 ac
925 3112 1068 3181 ,consiliis
1089 3112 1147 3169 suis
1172 3111 1340 3181 composuit,
1369 3111 1446 3167 ahter
1474 3111 1593 3182 quidem.
1612 3110 1661 3168 scd
1687 3111 1739 3170 hoc

105 3206 252 3276 simplices.
270 3207 358 3277 Atque
378 3206 422 3261 hic
440 3208 557 3264 maxime
577 3207 644 3263 illud
656 3215 701 3265 cst
712 3208 892 3279 retinendum,
948 3203 1038 3260 modo.
1054 3202 1108 3260 scd
1122 3203 1250 3275 utaliqus
1270 3200 1448 3259 similitudine
1461 3199 1603 3271 adductus,
1614 3202 1739 3261 maximis

104 3299 177 3368 quod
199 3299 222 3356 si
245 3314 352 3371 quonian
374 3298 456 3357 modu
472 3314 520 3368 per
539 3301 712 3371 parvissimas
735 3303 896 3359 mutationes
947 3294 1059 3350 minima
1073 3294 1222 3362 conteram,
1236 3302 1339 3350 utcnm
1354 3292 1484 3349 vinolenti
1501 3293 1688 3351 adolescentes
1702 3295 1739 3350 ti·
1772 3316 1781 3339 ·

105 3389 169 3444 hinc
188 3389 287 3461 aliquid
308 3399 517 3461 permutaretur,
539 3405 634 3448 reeens
653 3392 759 3462 quidem
783 3393 894 3451 minime
947 3385 1051 3442 hiarum
1063 3385 1145 3441 etiam
1154 3392 1235 3441 cantu
1250 3385 1292 3456 (ut
1307 3384 1348 3454 dil
1359 3383 1489 3453 instincti,
1501 3385 1622 3443 mulieris
1635 3384 1739 3458 podica

104 3478 209 3549 sentiri,
225 3489 286 3549 post
297 3494 361 3536 aero
375 3492 498 3550 magnam
509 3479 597 3538 iacere
606 3480 794 3552 differentiam,
806 3491 834 3538 et
848 3496 895 3554 per
947 3475 1021 3532 lorea
1034 3477 1198 3548 imperent,
1212 3476 1385 3533 admonuisse
1398 3475 1534 3535 tibicinam
1548 3487 1577 3535 ut
1588 3478 1738 3550 spondeum

105 3586 183 3627 aures
199 3571 231 3626 ad
246 3573 364 3630 animum
377 3587 462 3648 nsque
472 3572 570 3639 delabi.
586 3571 688 3630 idcirco
700 3588 822 3646 magnam
833 3589 895 3630 esse
946 3579 1056 3626 caneret
1074 3569 1241 3642 Pythagoras
1253 3570 1366 3636 dicitur;
1384 3570 1456 3641 qarod
1478 3586 1540 3627 cnm
1554 3571 1600 3627 itta
1618 3571 1736 3638 lecisset,

105 3663 253 3718 custodiam
275 3664 379 3735 reipub.
392 3665 634 3735 Platoarhitratur,
649 3665 779 3722 musicam
793 3669 895 3736 optime
947 3659 1074 3717 tarditate
1088 3660 1229 3717 Milium
1244 3663 1415 3732 titinium
1428 3663 1560 3730 ‘iniustis
1574 3663 1680 3720 inmiti!
1696 3662 1737 3718 ¹¹⁸·

107 3762 237 3807 moratam
252 3754 433 3825 pudenterque
455 3755 634 3826 conjunctam,
647 3757 763 3814 itautsit
773 3758 893 3814 modesta
947 3763 1051 3810 renum
1066 3754 1240 3826 petulantiam
1254 3755 1426 3812 consedasse.
1450 3755 1504 3812 Sed
1521 3765 1550 3811 ιιι
1562 3754 1658 3812 similia
1672 3756 1736 3812 urc-

12 3863 17 3871 ·
106 3856 137 3897 ac
151 3843 275 3912 simplex,
287 3854 314 3900 et
327 3845 454 3913 mascula,
465 3847 686 3916 hecenensium,
702 3862 752 3905 nec
765 3848 832 3916 isra,
843 3864 894 3906 nec
947 3846 1016 3902 riter
1038 3847 1160 3918 exempla
1186 3849 1356 3918 conquiram.
1376 3845 1534 3915 'terpander
1551 3860 1630 3917 atque
1652 3848 1736 3905 Arina

105 3936 190 3991 raria.
214 3936 291 4004 Quod
314 3937 508 3995 Lacedaemonii
535 3940 650 3996 maxima
669 3955 721 4012 ope
738 3956 892 4014 servavere,
945 3936 1337 4009 llcthimnenshcshiosatque
1349 3938 1610 4008 ionesprarissimis
1624 3938 1735 4005 ntorhls.

11 4071 17 4082 .
105 4028 167 4083 dum
194 4029 262 4098 apud
282 4042 330 4084 eos
347 4028 452 4085 'taletas
468 4029 632 4086 Cretensist
648 4029 775 4088 Gurtinm
796 4046 893 4102 magno
944 4042 1039 4091 cantus
1053 4033 1328 4106 eripncrcprtcsidiu.
1353 4032 1736 4090 ltianscniasreru'ihebanns

105 4119 190 4187 pretio
208 4118 320 4183 accitus.
346 4135 443 4190 pueros
463 4119 602 4188 disciplina
623 4123 731 4178 musicae
752 4125 818 4178 artis
842 4124 893 4180 irn-
944 4124 1098 4182 Bootiorum
1114 4125 1244 4195 pluribus,
1259 4138 1327 4196 euos
1348 4124 1468 4181 schiatici
1488 4124 1589 4181 doloris
1604 4133 1736 4182 tormenta
1755 4146 1758 4153 ⁴

104 4208 209 4265 haeret.
236 4207 297 4263 i'nit
319 4211 390 4263 enim
413 4208 439 4264 id
460 4195 576 4280 antiquis
596 4212 622 4267 in
637 4208 651 4250 i
664 4227 779 4279 morem,
793 4212 893 4285 diuque
944 4217 1069 4282 resanat,
1083 4217 1171 4272 modis
1184 4217 1389 4281 terturcunctas
1407 4217 1567 4273 abstersisse
1586 4219 1734 4275 molestias.

105 4302 261 4368 permansit.
275 4299 407 4367 Quoniam
419 4302 533 4359 rerocis
546 4304 704 4362 Timotheus
717 4306 837 4363 Milesius
846 4321 891 4363 su·
903 4301 930 4363 D
943 4308 996 4366 Sed
1011 4319 1038 4365 et
1048 4309 1225 4380 Empedocles
1237 4324 1300 4366 cum
1310 4313 1369 4381 etus
1383 4309 1516 4380 hospitem
1529 4310 1636 4380 qnidam
1648 4311 1736 4380 gladic

104 4407 153 4461 per
165 4407 211 4449 cas
225 4408 290 4464 quas
310 4402 372 4449 ante
393 4405 533 4463 repererat
547 4411 628 4451 unum
644 4398 745 4454 addidit
766 4415 889 4466 nervon,
943 4402 1101 4459 inrihundus
1119 4403 1270 4469 invaderet,
1286 4403 1356 4472 quod
1372 4401 1431 4472 cjos
1446 4413 1549 4471 patrem
1567 4401 1611 4456 illc
1625 4416 1735 4457 accusa·

103 4499 135 4541 ac
157 4487 373 4555 multipliciorem
391 4486 520 4541 musicam
542 4487 614 4554 lecit,
630 4503 744 4558 exegere
762 4493 798 4547 de
819 4493 891 4547 laco·
943 4497 1017 4551 tione
1032 4494 1197 4563 damnasset,
1217 4494 1353 4549 interisse
1367 4493 1465 4547 dicitur
1479 4493 1587 4546 modum
1609 4492 1734 4559 canendi.

104 4577 173 4631 nica.
190 4575 399 4646 Consultumque
409 4577 443 4631 de
455 4591 488 4632 eo
501 4577 600 4632 lactum
612 4589 663 4633 est.
675 4579 751 4646 Quod
765 4582 891 4650 quoniam
943 4588 1035 4656 itaque
1050 4585 1229 4640 adolescentis
1244 4582 1408 4640 iracundiam
1433 4591 1609 4653 temperasse.
1632 4583 1660 4637 tn
1676 4591 1735 4638 cin·

104 4665 260 4734 insigneest
273 4664 469 4735 Spartiatarum
483 4666 573 4736 lingua
587 4667 607 4723 S
622 4666 736 4724 litteram
753 4671 780 4726 in
797 4672 817 4726 u
832 4686 893 4728 rer·
944 4686 999 4734 tum
1021 4690 1086 4732 sero
1107 4676 1201 4744 priscae
1225 4673 1400 4746 philosophia
1417 4672 1540 4737 ‘studiis
1562 4674 1603 4730 ris
1625 4672 1735 4732 musica
1761 4665 1766 4675 '

102 4757 228 4828 lentium,
244 4761 330 4828 ipsum
343 4759 378 4815 de
392 4774 425 4816 eo
437 4760 587 4816 consultum
598 4759 699 4816 eisdem
710 4763 802 4818 ⁴tertiis
816 4763 892 4820 Grac·
944 4768 1008 4825 artis
1024 4767 1149 4833 innotuit,
1162 4778 1192 4824 ut
1201 4767 1381 4841 Pythagorici,
1396 4783 1456 4823 cum
1470 4766 1581 4824 diurnas
1592 4768 1619 4824 in
1639 4784 1735 4827 morus

100 4847 272 4919 clsapposui.
943 4857 1112 4914 resolverent
1128 4873 1215 4924 curas,
1239 4858 1401 4929 quibasdam
1420 4859 1560 4915 cantilenis
1583 4869 1733 4933 uterentar,

137 4943 235 5002 Ἐπειδὴ
243 4942 386 5022 Τιμὸθιορὸ
398 4944 527 5020 ιιιλήσιιρ,
538 4945 615 5001 litha
625 4946 697 5003 iaris
707 4947 833 5019 ἁμιιιραι
845 4950 892 5006 sri-
942 4960 974 5007 ut
987 4951 1107 5008 eatenis
1120 4960 1148 5008 et
1161 4952 1270 5022 euictus
1282 4965 1364 5022 sopor
1377 4951 1518 5020 irreperet.
1534 4952 1625 5023 ltaque
1638 4967 1734 5023 capca-

101 5035 147 5095 λιν.
161 5035 206 5090 τάν
222 5034 331 5089 παλαιὰν
349 5033 445 5104 palmis
466 5033 616 5106 ἂτιράσδιι,
638 5041 696 5102 και,
716 5039 760 5092 rin
781 5036 823 5094 διὰ
841 5045 889 5095 τᾶν
943 5042 1021 5107 recti,
1035 5043 1096 5097 aliis
1109 5043 1267 5112 quibusdam
1282 5043 1370 5099 modis
1383 5052 1524 5112 stuporem¹
1540 5045 1626 5100 somni
1640 5042 1734 5100 mniu-

102 5124 166 5178 ἑπτὰ
175 5126 273 5198 χορδᾶν
280 5129 411 5202 κιθαρίζειν
422 5129 815 5207 ἁποσιριρὸμινιρ,πολυρωνὶαν
823 5132 892 5188 riori-
943 5136 1101 5203 eiottetttqtte
1112 5133 1270 5204 purgabant.
1283 5132 1310 5189 id
1323 5134 1448 5189 nimirum
1459 5134 1586 5200 scientiae,
1596 5133 1669 5204 quoti
1677 5142 1733 5189 itii!

99 5217 888 5306 ρυιλυμαέιιταιτάρᾰκοὰρτῶνιιων,διὰτιτᾶρπιλυχιρόίαρ
940 5233 1040 5279 nostras
1053 5223 1151 5278 anime
1166 5224 1339 5293 corporisque
1353 5238 1484 5295 compago
1502 5224 1604 5280 musica
1622 5233 1731 5291 coapta·

99 5310 143 5361 καὶ
161 5316 209 5379 rip
225 5311 417 5387 καινότητιρτῶ
430 5315 529 5390 pileos
549 5317 639 5391 epiros
649 5321 692 5372 ast
704 5319 818 5374 ποικίλαι
832 5321 889 5377 apel
940 5317 1015 5371 tione
1027 5316 1170 5385 conjuncta
1183 5315 1227 5371 sit.
1241 5314 1308 5371 Nam
1322 5324 1352 5371 ut
1372 5330 1433 5372 sese
1454 5316 1575 5385 corporis
1590 5315 1671 5373 halset
1689 5317 1730 5369 al·

99 5399 196 5481 daniiep
208 5407 249 5458 sni
259 5408 413 5480 ιιιαγμέναρ
424 5409 586 5480 ἀμφιέννυται
595 5411 757 5480 respueras,
766 5412 809 5466 tart
817 5415 890 5486 χρώ·
940 5406 1037 5472 fecitte,
1053 5407 1089 5463 ita
1109 5407 1190 5463 etiam
1211 5407 1305 5477 pulsus
1324 5409 1416 5464 cerdis
1437 5408 1553 5465 motibus
1573 5408 1731 5467 incitattlttt.
1784 5416 1787 5423 '

90 5514 176 5561 ,ματος
191 5497 371 5566 mmmm
388 5500 438 5552 pp„
454 5505 490 5552 re
502 5499 590 5574 persp
602 5498 755 5567 mmmm,
771 5503 827 5557 dart
839 5506 888 5578 rep
939 5497 1017 5564 Qursd
1036 5497 1141 5554 scilicet
1157 5496 1326 5554 Democritus
1345 5498 1499 5569 hippocrati
1525 5497 1630 5554 medico
1646 5497 1730 5553 tradi·

98 5582 235 5658 ὶιαρμινίω
252 5593 330 5639 ποιῶν
346 5589 511 5664 interpono
531 5592 654 5661 sportis·
672 5592 844 5664 παρακλαθιες
860 5590 888 5647 ti
941 5590 1014 5647 dissc
1025 5590 1118 5655 terior.
1130 5604 1193 5648 cum
1207 5605 1269 5647 cum
1283 5591 1360 5662 quasi
1383 5591 1506 5648 insariam
1519 5589 1623 5648 eunctis
1637 5585 1730 5648 Deme

132 5781 239 5840 'Vere
290 5781 443 5855 tapsum.
496 5786 660 5844 ⁸Gorn'raiars.
699 5788 812 5850 inore.
858 5787 1127 5850 minorantem.
1166 5786 1176 5830 ¹
1191 5784 1331 5849 Stadissis.
1392 5783 1395 5789 ’
1458 5817 1463 5833 ·
1528 5808 1532 5832 ι
1606 5828 1609 5836 ,
