3906 6180
265 415 331 469 ttum
343 411 483 486 mysticum
499 408 665 480 septemplici

264 505 346 558 (trnut
362 517 490 559 coronent
504 515 626 557 ntunern.

268 599 415 665 dupmonto
425 591 598 664 plenitudinis

264 689 335 755 Opes
347 684 499 740 ministrent
510 681 597 755 diuiti.

269 779 345 833 Nunc
356 784 456 840 mente,
471 787 537 829 socc
553 772 669 843 psallito,

266 869 321 924 ttoc
336 877 426 923 nostra
440 882 489 921 uos
506 874 533 922 et
546 878 623 921 mens
637 864 704 919 Deo.

524 975 594 1030 xtt’.

349 1087 453 1129 nunnus
473 1085 498 1124 ι.
520 1085 553 1124 on
572 1083 596 1124 s.
617 1082 763 1123 succusso.

267 1165 335 1232 erid
348 1163 487 1234 Stcpbarru
502 1160 637 1230 potentius

273 1257 351 1310 bicos
364 1267 502 1317 coronam,
515 1258 618 1321 martyr
630 1260 682 1306 est.

270 1348 326 1403 tine
338 1355 381 1403 est
394 1347 485 1409 bomo,
496 1342 567 1414 quod
583 1343 732 1414 proemium.

268 1439 382 1494 Fructus
396 1433 495 1491 loboris
509 1448 607 1489 nomen
619 1443 672 1490 est.

269 1530 339 1585 Lens
355 1528 413 1581 buc
428 1527 517 1582 breuis
531 1526 634 1596 pretiis
648 1525 683 1580 sit
696 1549 701 1577 ;

269 1621 313 1676 Sic
325 1629 472 1676 evocentur
483 1618 585 1690 inclyti.

271 1711 350 1767 Necis
365 1710 498 1775 minister,
514 1708 616 1776 rspice,

271 1803 309 1856 tte
323 1810 410 1856 morte
423 1802 504 1853 ritum
518 1802 670 1855 conterens.

270 1893 325 1948 iloc
338 1891 385 1946 dut
399 1891 524 1955 salutern,
538 1889 610 1960 quod
621 1899 707 1944 neem.

275 2075 317 2130 Fit
332 2074 511 2142 sempiternus
522 2072 608 2129 exitu.

273 2163 376 2219 Cruore
390 2162 476 2218 iucem
493 2171 636 2232 prnpurst,

272 2257 374 2313 Ctelurn
390 2254 505 2325 sepulcri
518 2269 638 2316 munero,

155 2356 165 2371 '
275 2349 384 2404 tiostcrn
400 2355 429 2400 ut
444 2344 593 2414 triunrpbus
605 2342 705 2414 ebupot
720 2363 725 2372 ·

274 2441 327 2495 t'cu
340 2438 427 2509 miuus
440 2436 480 2491 sic
490 2434 670 2505 congreditur.

277 2533 326 2587 iiic
341 2532 442 2602 primus
457 2529 563 2584 intrusit
576 2528 646 2583 riam

276 2625 363 2682 Nubis
373 2623 509 2681 subactam
522 2621 667 2687 gressibus.
684 2627 687 2633 ·

275 2717 383 2774 Secreta
398 2712 520 2769 lustravit
531 2712 598 2783 poti,

280 2808 307 2863 tu
323 2816 396 2863 reste
410 2804 499 2861 cnrrris
513 2803 619 2858 abditus

277 2899 422 2965 Clamauit,
435 2898 505 2953 Ecce
520 2896 607 2952 Fitius

276 2991 407 3048 Consistit
419 2990 445 3044 in
460 2989 553 3045 dextro
570 2987 667 3042 Petris.

279 3083 346 3138 Dum
357 3095 421 3136 sexa
437 3078 537 3135 terrent
552 3077 642 3145 impii,

286 3175 351 3228 bum
365 3172 437 3229 mille
447 3170 512 3228 tend
523 3168 671 3233 msctdnus,

281 3267 360 3323 Solus
374 3265 506 3321 bonorum
522 3262 657 3327 conscius,

284 3357 380 3413 brubut
390 3371 423 3412 ex
439 3355 491 3411 side
504 3354 627 3424 loquens,

283 3450 321 3505 Ne
335 3448 486 3504 nescientes
500 3444 595 3501 noxios
668 3517 672 3526 Ι

282 3540 406 3597 contestis
418 3539 456 3594 ira
472 3537 605 3608 perderet.

285 3630 379 3685 insons
389 3640 447 3684 erut
458 3627 577 3694 cesonio,

287 3720 370 3778 iicurn
386 3719 460 3775 irrror
474 3726 644 3790 protereret,

283 3811 335 3867 Per
348 3820 408 3865 totu
419 3808 542 3864 currebat
557 3807 652 3862 leber:

282 3903 397 3958 Crucem
411 3900 534 3972 gemebat
545 3897 675 3961 carnifex,

285 3995 431 4051 Crescente
443 4007 521 4064 qrrcrn
535 3991 698 4064 subegerat,⁴

364 4208 469 4249 trinnis
489 4209 524 4248 rt.
544 4210 577 4250 on
596 4208 620 4249 s.
643 4207 782 4249 suenone.

293 4283 370 4340 Coeio
384 4284 473 4339 terunt
485 4282 655 4339 tnbrostum

286 4373 399 4441 Nomen,
414 4372 511 4439 bonor,
522 4372 563 4428 rei
574 4374 655 4429 actio.

287 4464 329 4520 N‘d
340 4464 420 4519 debet
436 4463 480 4519 bic
494 4463 635 4529 incondite,

289 4556 343 4610 bos
355 4554 443 4609 ornnis
455 4563 496 4608 est
509 4567 524 4608 n
536 4553 664 4609 moribus.

253 4690 258 4695 .
290 4643 377 4698 Fortis
385 4644 520 4713 jurantem
534 4659 586 4698 non
601 4646 674 4716 cnpit

290 4733 411 4790 Umbone
425 4735 542 4791 munitus
556 4749 616 4793 suo.

290 4827 320 4880 tn
330 4839 412 4881 cerne
423 4825 512 4882 cernis
522 4825 559 4879 nit
569 4825 645 4897 agit-,¹
654 4840 666 4869 ι

292 4916 392 4986 itegins
403 4929 478 4970 niens
491 4915 516 4968 in
532 4898 709 4993 corpnrfflf'p'ff

290 5007 429 5077 Confregit
438 5020 519 5062 onrnc
534 5006 690 5065 lubricum.-

291 5098 338 5153 Sic
350 5097 417 5152 rixit
432 5096 544 5161 ittenon
559 5098 620 5163 sibi,

290 5187 344 5244 Sed
357 5195 429 5245 totus
441 5186 544 5243 auctori
560 5186 624 5242 [ico.

829 293 1007 351 ctttmttbtt
1028 292 1091 349 tttt.
1108 290 1128 346 Ι.

966 415 989 468 ti

1110 401 1236 469 dejectus
1250 398 1312 453 binc
1325 398 1466 469 apostolis,

1112 489 1225 544 ttedrnit
1239 489 1378 558 erpuisurn
1389 488 1479 554 tidem,

1112 578 1184 634 Dixit
1197 577 1347 650 triumphos
1362 586 1509 651 martyrum

1116 667 1224 737 Lingnae
1238 667 1350 722 uirentis
1364 665 1474 723 laureis.

1114 757 1163 812 iiic
1176 772 1223 813 orc
1237 756 1356 827 predum
1372 760 1480 827 sustutit

1115 849 1152 903 iic
1168 848 1244 904 ieucc
1256 849 1389 920 serpentis
1399 848 1458 904 ieri.

1114 939 1165 1007 Qui
1177 940 1245 996 bella
1258 938 1359 995 Christi
1373 939 1479 1007 mittunt,

1114 1029 1208 1085 Nudus
1219 1029 1329 1085 timetur
1342 1030 1462 1087 ensibus.

1118 1119 1187 1175 t'iuit
1199 1119 1318 1197 sepuitps
1331 1127 1358 1175 ct
1370 1119 1455 1188 iuuet,

1113 1208 1222 1264 tirsum
1237 1217 1331 1266 tenens
1344 1209 1479 1265 Ecclesiae.

1115 1298 1218 1353 tustino
1234 1299 1242 1330 ¹
1255 1298 1326 1353 uires
1338 1298 1467 1368 perdidit,

1115 1387 1164 1440 ttot
1180 1400 1257 1455 poene
1271 1386 1329 1440 Vati
1346 1385 1495 1456 prumiunr.

1116 1479 1195 1535 Sedis
1209 1490 1345 1536 memento
1355 1480 1400 1534 lux
1417 1489 1481 1546 tune,

1120 1573 1240 1640 Exores,
1254 1582 1356 1638 sunt-tc,
1374 1579 1507 1643 posteros.

1116 1668 1231 1720 drrctore
1247 1663 1328 1721 tultrn
1346 1663 1430 1720 nobiti

1116 1755 1155 1810 Ne
1166 1753 1221 1809 dux
1236 1754 1324 1810 sereni
1339 1753 1464 1810 culminis

1121 1844 1149 1900 br
1165 1845 1235 1900 nube
1250 1855 1336 1901 tectus
1351 1844 1468 1899 borreet.

1117 1937 1167 2005 Qui
1183 1939 1192 1969 ¹
1207 1946 1297 2008 pistor
1310 1945 1353 1992 est
1365 1934 1525 2000 antistitum,

1117 2030 1194 2099 erod
1209 2029 1293 2095 insat,
1308 2045 1387 2085 omne
1403 2028 1562 2084 submovet:

1117 2119 1232 2190 Grcgcrn
1246 2119 1376 2189 gubernat
1387 2118 1548 2190 principum,

1120 2211 1188 2277 biapi
1206 2222 1246 2267 tor
1261 2219 1302 2268 est
1314 2210 1478 2267 doceminor.

1378 2342 1447 2399 xiil.

1151 2450 1252 2489 ιιιιιιιιτι
1272 2450 1317 2489 ιιι.
1339 2450 1373 2489 os
1392 2445 1553 2489 escensione
1572 2447 1671 2490 murus.

1119 2551 1179 2606 turn
1191 2548 1313 2605 cbristus
1327 2546 1449 2606 escendit
1465 2546 1555 2618 poium

1125 2640 1236 2698 Nectit
1248 2647 1311 2695 ente
1324 2638 1428 2705 tunore,

1121 2732 1236 2788 Lctbunr
1257 2728 1500 2800 seputtusexpuiit,

1126 2823 1198 2878 diors
1211 2821 1307 2877 mortis
1319 2819 1435 2891 impulsu
1451 2820 1514 2875 ruit.

1124 2913 1238 2968 Contere
1253 2912 1351 2968 tucturn
1363 2911 1474 2976 secute,

1125 3004 1216 3060 Funus
1229 3001 1334 3073 subegit
1348 3000 1499 3066 rasurum,

1130 3094 1197 3149 Vicit
1209 3101 1364 3165 peremptus
1376 3091 1477 3146 exitum
1491 3106 1499 3150 s

1124 3187 1196 3243 ttors
1209 3184 1271 3240 inde
1282 3185 1356 3257 teget
1370 3183 1478 3254 pstiido,
1534 3214 1539 3224 ·

1125 3273 1299 3345 i‘raesumpsit
1311 3273 1382 3329 unde
1394 3273 1531 3344 pendium.

1126 3367 1203 3421 iducis
1216 3372 1325 3421 roratur
1336 3373 1431 3433 csptus
1439 3373 1494 3419 est.

1125 3459 1174 3515 Est
1187 3457 1276 3530 proedo
1288 3465 1380 3529 raptor
1392 3455 1522 3511 onmium.

1125 3550 1185 3605 iarn
1199 3540 1385 3606 reterinctuut
1401 3547 1517 3613 ducitur,

1130 3644 1205 3700 tecet
1214 3650 1309 3699 catena
1322 3643 1349 3696 in
1365 3640 1488 3697 neribus.

1129 3735 1247 3805 Serpens
1257 3746 1360 3788 venenu
1375 3730 1494 3801 prumtis,

1128 3826 1201 3881 Mitis
1216 3824 1279 3880 terit
1292 3821 1457 3892 supertiam,

1130 3916 1222 3986 Aptius
1237 3915 1342 3970 teoncrn
1356 3912 1498 3969 evisceret.

1130 4007 1193 4062 Pius
1204 4006 1272 4062 istud
1287 4015 1329 4061 est
1343 4004 1481 4076 potentie,

1134 4097 1210 4168 Quod
1222 4108 1323 4161 nostre,
1337 4097 1453 4161 Christe,
1465 4096 1588 4166 suscipi,

1132 4191 1164 4246 Et
1179 4201 1253 4246 cesto
1267 4189 1337 4244 serui
1349 4187 1521 4245 absconditus

1132 4280 1186 4337 rto·
1199 4279 1233 4335 ud
1247 4278 1412 4347 triumphum
1427 4280 1555 4348 proretis
1571 4298 1576 4331 :

1132 4372 1218 4438 Quam
1230 4370 1253 4425 si
1267 4384 1283 4424 e
1297 4370 1416 4424 coruscis
1430 4369 1539 4424 sedibus

1133 4460 1247 4531 Fulgore
1262 4468 1378 4516 terreres
1392 4474 1465 4515 reos.

1135 4551 1208 4608 iterus
1219 4560 1291 4624 patet
1306 4566 1353 4622 per
1363 4551 1462 4617 omnis,

1140 4641 1218 4698 Nullo
1231 4650 1351 4698 ternotus
1366 4642 1484 4712 tegmine
1498 4655 1505 4694 :

1139 4730 1193 4786 Sed
1206 4741 1235 4785 ut
1244 4730 1364 4800 iacentes
1378 4731 1463 4800 erigut

1140 4821 1267 4893 biennius
1279 4820 1421 4892 essequod
1436 4834 1537 4883 surmus,

1139 4912 1263 4971 Redemit
1277 4912 1335 4983 ipsc
1347 4911 1391 4981 ius
1403 4925 1491 4966 suurn.

1141 5006 1226 5062 orem
1241 5005 1344 5062 retexit
1358 5002 1488 5075 perditum

1142 5098 1261 5155 encore
1270 5097 1303 5153 ud
1315 5095 1473 5152 custodiunt.

1143 5189 1241 5245 terete
1255 5198 1356 5259 portus,
1368 5188 1466 5260 angoti,

222 5325 230 5354 ¹
245 5300 428 5399 Justinp'oir'er
443 5313 565 5398 perdidit]
580 5316 663 5372 birter
675 5315 853 5372 Valentiniani
863 5314 980 5385 iunioris
1034 5317 1234 5374 denotarent
1247 5318 1404 5384 antistitem,
1418 5327 1442 5373 te
1459 5333 1559 5388 puopuc
1573 5335 1602 5371 ee
1612 5328 1757 5389 tempestate
1771 5336 1813 5375 mn
1820 5308 1833 5364 ·‘

186 5389 313 5461 Augusti,
326 5402 385 5461 oper
396 5386 566 5443 Ambrosium
583 5387 785 5454 sectenturque
798 5385 983 5441 mediotenus-
1033 5391 1138 5455 nistrnm
1150 5390 1289 5455 memorie,
1300 5388 1405 5442 obtitenr
1415 5388 1753 5457 solutoris‘lideinrbitruto,
1765 5406 1827 5445 son·

186 5548 217 5588 eu
238 5529 314 5599 toqui

306 5588 337 5606 a.

186 5477 262 5524 um,
289 5458 516 5583 utpote„briatre,
533 5455 600 5511 diris
614 5457 700 5511 nrndis
712 5458 827 5510 vesuvit.
844 5457 935 5527 itaque
947 5456 981 5512 de
1033 5448 1074 5513 'tro
1094 5458 1234 5512 rotdoticor
1247 5461 1344 5512 dicture
1357 5456 1668 5527 Ecciesiusconrpeiteict.
1680 5469 1695 5475 ··

327 5544 358 5583 ur
376 5527 433 5583 Gau
454 5528 544 5593 entius
559 5526 586 5581 in
605 5528 762 5598 pretatione
776 5525 809 5580 nd
823 5526 980 5593 benivolum
1070 5532 1080 5560 ¹
1097 5529 1190 5581 Pastor
1200 5538 1236 5583 est
1247 5526 1402 5600 antistitem]
1413 5527 1620 5583 btcdiotrnensis
1630 5527 1744 5582 ontistcs
1759 5546 1766 5582 ε
1783 5532 1829 5599 nuri

186 5590 555 5723 esmafistruiirjn'sppddpicei
573 5595 663 5679 Notri
680 5605 787 5680 mulosque
801 5596 923 5681 temporis
938 5613 982 5679 rc·
1035 5597 1232 5666 necroputtunt
1242 5600 1303 5681 inre
1314 5599 1406 5681 irrrdtis
1422 5598 1553 5677 hodieque
1569 5606 1667 5664 prteest
1678 5597 1827 5668 episcopis,

187 5690 250 5741 pirro
278 5667 371 5726 reciet.
388 5667 621 5743 Arsennoeperfidrm,
634 5674 744 5737 potione
760 5666 980 5730 srnruiueroern,
1033 5670 1080 5723 sed
1105 5669 1188 5723 rnuito
1207 5669 1329 5737 piurtbus
1348 5669 1412 5723 ntrrn
1436 5665 1606 5734 prtcstdebst.
1621 5668 1765 5742 0rnterpo
1780 5690 1828 5744 pru

188 5761 247 5797 curu
270 5730 443 5821 brutissimum
460 5736 653 5808 persequeretur
662 5734 983 5807 ,Ambrosimn'plreiesin
1037 5738 1182 5795 Laurentio
1196 5740 1326 5812 episcopo
1341 5735 1544 5794 btcdiotenensi.
1571 5770 1574 5777 -

333 5827 469 5885 Ριτιιοι.
492 5824 606 5886 1,)(111.

1591 5829 1626 5888 tt
