3906 6180
228 251 281 312 991
793 246 931 306 ΕΝΝΟὓΙΙ
950 245 1102 305 cetscoct
1122 244 1313 309 trainensis
1820 239 1872 297 itia

231 369 265 425 ad
276 367 401 423 lttimania
414 373 477 424 tota
490 367 669 440 perductum?
681 366 788 436 quantis
802 366 929 436 gradibus
949 379 1028 421 exer·
1041 358 1067 429 it
1080 359 1152 422 inter
1163 368 1276 424 adversa
1298 368 1452 424 constitutis
1467 383 1475 424 :
1491 384 1602 426 necesse
1619 379 1662 426 est
1682 373 1786 442 optari,
1800 366 1874 440 quoti

187 498 191 509 ·
231 463 340 518 citatum
355 462 457 521 lacinus
472 461 636 531 pervenitad
650 459 738 514 bocut
749 460 814 514 vitia
825 458 1026 514 laudibusmer·
1078 461 1185 515 modom
1201 463 1278 530 ponit
1291 462 1489 517 amaritudinis.
1504 459 1589 529 lingo,
1606 462 1704 533 quibus
1721 472 1764 518 est
1776 463 1875 523 belluis

231 557 355 612 caretur?
376 554 558 610 credebamus
570 569 649 620 eum,
672 554 832 608 domnitam
852 553 878 607 iu
901 552 1025 606 tentoriis
1076 553 1281 620 comparandus,
1295 555 1339 623 qui
1356 556 1545 621 procuratione
1564 570 1610 610 sua
1628 556 1709 611 iolcrt
1729 555 1795 611 dura
1812 561 1873 618 sine

214 657 370 719 ¹ageret,et
380 646 413 701 ad
426 645 539 714 insignia
551 643 1025 715 roborisduriscorpussuccessibus
1077 646 1212 701 termino?
1227 646 1304 714 cuius
1316 646 1385 710 doli,
1401 649 1464 702 dum
1479 661 1573 702 manus
1588 649 1705 705 abstinet
1716 650 1874 725 abauctore

229 742 371 810 invitaret,
389 740 476 796 civico
496 755 589 797 amore
612 739 775 808 constringi;
795 749 824 792 ut
843 735 1023 807 permititiam
1075 735 1154 802 lucis,
1176 736 1250 791 letlvo
1268 737 1456 792 commutanda
1468 740 1655 810 ipepererunti
1669 740 1727 795 lam
1749 752 1807 797 erat
1825 759 1875 813 ge·

229 834 304 903 ejus,
329 848 378 889 nec
397 832 551 889 incendium
576 833 661 902 urbis,
685 848 735 888 nec
757 845 850 887 sacras
873 829 1024 897 corruptela
1076 831 1147 884 nitor
1159 829 1237 884 istius
1251 845 1383 886 annornm
1404 832 1476 887 iasce
1493 833 1626 889 contritus
1647 851 1654 889 :
1672 835 1727 904 jam
1751 852 1798 906 per
1821 847 1874 893 tre-

230 925 345 996 virgines
367 927 527 1000 possideret.
544 925 597 982 lste
618 926 689 982 enim
704 927 770 981 emit
785 932 826 980 tot
849 922 1020 990 volneribus,
1081 920 1177 975 menda
1197 922 1270 977 senis
1288 923 1408 978 mentbra
1426 923 1477 977 aevi
1492 923 1664 995 depopulatio
1681 928 1791 998 vestigia
1809 930 1873 983 olim

228 1033 264 1074 ne
277 1018 346 1073 alter
358 1018 507 1074 iacinornm
518 1020 593 1091 lruge
605 1019 745 1089 potiretur.
758 1017 827 1086 Quid
836 1016 885 1071 tibi
895 1016 1020 1083 debeam,
1075 1013 1186 1069 robusta
1206 1014 1374 1071 subverterat
1393 1033 1401 1070 ι
1415 1016 1469 1087 jam
1485 1017 1667 1074 diuturnitatis
1687 1022 1820 1076 morsilbs
1845 1023 1873 1077 in

227 1109 1021 1182 crudelissimebominum,daturiuteiligi,percnjosbene·
1073 1118 1154 1175 rugat
1164 1121 1224 1175 qnae
1238 1107 1390 1163 declarabat
1399 1110 1546 1179 bominem,
1570 1111 1805 1182 iortuavergebat:
1820 1131 1874 1172 nou

173 1212 175 1215 ’
226 1204 287 1263 ficia
300 1206 420 1277 superati
435 1199 536 1262 exitum
549 1207 633 1262 victor
643 1204 801 1273 ingemisco.
813 1201 909 1269 Dicite,
923 1214 1024 1271 praesu·
1075 1205 1163 1254 tamen
1180 1199 1245 1255 sine'
1257 1216 1306 1271 spe
1319 1202 1433 1259 subsidii
1443 1205 1475 1259 ad
1492 1205 1673 1261 maturitatem
1698 1216 1873 1276 pervenerat,

226 1297 266 1354 les
278 1298 420 1364 libertatis,
430 1313 510 1370 quem
527 1298 616 1368 potius
633 1296 775 1352 babuimus
788 1296 832 1365 uui
846 1295 1023 1350 animosnos·
1075 1288 1120 1344 cui
1137 1290 1193 1359 iant
1207 1293 1293 1362 major
1307 1295 1416 1352 soboles
1434 1299 1581 1354 arridebat.
1598 1298 1698 1354 Potiori
1724 1300 1820 1356 lldncin
1839 1301 1874 1358 ad

226 1381 1022 1460 trospossedit,intnbarumclangorcterrorem,dnutierrl
1074 1381 1344 1456 rictumcongregata
1355 1387 1578 1462 disperdentem
1589 1393 1874 1461 sempersoimusbor-

226 1488 444 1551 scgcseqnorum
458 1480 723 1536 iremitnminaretur
738 1477 975 1543 eritinmitiredo,
987 1489 1024 1532 ne
1073 1488 1120 1529 rea
1131 1490 1180 1530 soa
1194 1477 1220 1531 in
1235 1478 1352 1548 pignoris
1363 1480 1502 1537 alacritate
1523 1484 1653 1552 posuisse.
1675 1482 1759 1539 Omen
1772 1485 1874 1554 putarit

228 1569 314 1627 libera
328 1576 433 1642 patrum
449 1573 517 1628 colia
532 1582 687 1633 catenarum
702 1571 775 1641 rigor
789 1570 951 1640 astringeret
966 1583 974 1624 ι
988 1583 1023 1623 no
1075 1568 1194 1637 cogitare
1207 1571 1240 1625 de
1251 1571 1413 1640 substantia,
1424 1575 1467 1629 cui
1477 1575 1609 1630 existebat
1621 1577 1870 1633 natusiucolumis:

226 1662 389 1718 inrtolauttts
400 1663 528 1724 matribus
540 1661 747 1734 pudorcivitatls
757 1661 1020 1731 excidiodeperiret:
1074 1659 1108 1712 ad
1132 1662 1249 1731 gelidam
1267 1665 1398 1721 canitiem
1421 1669 1473 1722 troo
1498 1676 1594 1736 putans
1620 1683 1699 1735 posse
1728 1669 1871 1737 sntticere,

226 1770 261 1810 ne
275 1754 514 1826 votivavirginitas
535 1757 621 1813 sacris
644 1756 794 1826 mancipata
816 1754 929 1810 culturis
952 1767 1023 1824 prac-
1038 1749 1063 1812 B
1076 1751 1149 1818 qood
1170 1765 1309 1824 reparatus
1326 1757 1352 1810 iu
1375 1759 1500 1825 prosapie
1524 1758 1602 1813 annis
1623 1758 1796 1813 viridioribus
1818 1774 1873 1814 nou

225 1847 304 1904 donis
318 1848 378 1920 igne
392 1857 531 1917 raperetur
548 1871 554 1901 ι
570 1861 605 1903 ne
621 1848 720 1903 lamnia
742 1849 852 1903 castitas
868 1846 939 1902 trosti
962 1859 1033 1914 pre·v
1073 1842 1179 1911 peribat
1200 1859 1282 1900 :cum
1301 1857 1412 1914 reiterato
1434 1849 1558 1917 egregius
1574 1848 1681 1917 juvenis
1702 1849 1747 1902 tali
1768 1858 1872 1919 patrem

226 1943 293 1999 tium
307 1943 383 2000 beret
393 1942 530 1998 insultanti
545 1956 598 1998 :ne
608 1942 767 2011 corporibus
783 1956 818 1996 ex
832 1941 946 1995 bunum
957 1952 1022 1994 con·
1074 1931 1223 1990 atcbrltate
1240 1935 1361 1991 nudavit.
1374 1936 1475 1991 thltffl
1501 1938 1646 2007 btulssbeb
1662 1938 1806 1994 'eliciendi
1824 1953 1873 1993 ⁰0·

226 2035 328 2091 ditione
340 2035 516 2102 liberaberis
528 2034 637 2090 inimica
648 2034 814 2104 subriperet,
824 2039 851 2086 et
861 2032 1022 2087 adversariae
1078 2025 1208 2092 rinitores,
1222 2026 1255 2080 ad
1271 2029 1342 2081 bunc
1358 2028 1438 2083 verba
1455 2034 1616 2084 convertero
1628 2047 1635 2082 z
1649 2028 1696 2084 sed
1712 2042 1773 2084 reor
1783 2027 1871 2098 perire

226 2124 1021 2199 porterusttutornraoutnnunoeoumservirenuuaerna
1073 2115 1190 2182 urrunnu,
1205 2129 1265 2185 cuae
1286 2115 1435 2187 protegam
1458 2117 1577 2173 moribvs
1601 2118 1770 2173 exhibentur·
1792 2118 1873 2172 nurs-

228 2216 1018 2292 teberoamagoaoime,quindenariatuamatidepnterts,

225 2313 249 2368 si
259 2312 318 2368 baec
331 2328 391 2384 quae
402 2312 479 2368 timui
490 2311 575 2367 victor
589 2311 686 2381 optasti
696 2353 704 2379 ,
714 2309 778 2365 dum
790 2316 890 2363 mortes
903 2307 1019 2361 bostium

225 2401 1019 2461 ictibustuisnnminumlavoraddiceretd‘ercuoctorutrum

225 2497 382 2567 poposceris
401 2509 515 2566 superos
535 2496 562 2549 in
584 2493 630 2550 illa
650 2494 810 2548 necessitate
833 2491 970 2547 lautoresl
989 2488 1019 2545 si

225 2587 328 2658 iecisti,
346 2588 501 2658 perfunctos
517 2587 645 2660 periculis
656 2584 840 2644 sacerdotibus
855 2599 948 2640 eornm
971 2597 1019 2652 pro

226 2679 316 2737 dentis
329 2679 625 2737 oblationemlnitarlsi
635 2680 657 2736 si
672 2693 726 2734 non
738 2673 884 2734 adhibuisti
899 2676 943 2746 pia
956 2685 1018 2732 vota

225 2774 380 2839 certamini,
395 2772 458 2845 quid
475 2773 521 2828 tibi
533 2771 631 2839 debeo,
644 2786 723 2842 quem
738 2771 797 2827 sine
818 2771 942 2842 precibus
961 2770 1018 2825 suis

224 2869 357 2940 generalis
372 2865 534 2938 prosperitas
545 2867 672 2923 comitata
687 2864 826 2921 liberarit?
836 2865 865 2920 Si
878 2862 1015 2934 intelligis,

224 2966 340 3016 muttum
362 2967 403 3015 est
424 2959 495 3030 quod
515 2957 598 3014 debes
624 2957 789 3024 numinibus,
812 2957 835 3011 si
854 2956 1017 3012 studuerunt

224 3051 340 3124 supplici
355 3068 362 3105 ε
380 3052 477 3121 majos,
490 3051 513 3107 si
526 3048 660 3108 dederuut
681 3052 819 3108 victoriam
833 3066 886 3106 uon
902 3053 1014 3121 petenti.

1072 2216 1143 2270 runs,
1161 2206 1306 2260 venerandi
1323 2207 1471 2275 bominum,
1484 2207 1517 2262 ad
1529 2208 1577 2263 bos
1592 2224 1656 2264 ustis
1670 2210 1770 2278 prolem
1781 2210 1873 2278 cujus·

1072 2294 1145 2363 piam
1167 2297 1323 2367 magisterio
1338 2300 1498 2369 pervenire?
1522 2298 1741 2372 solicitgermini
1763 2303 1870 2356 institu-

1072 2386 1110 2440 tio
1127 2396 1247 2454 uaturae;
1262 2390 1369 2460 qnando
1386 2390 1458 2462 qnod
1473 2389 1560 2446 solent
1572 2390 1661 2444 lacere
1674 2390 1809 2458 docttires,
1832 2394 1872 2444 in·

1070 2473 1157 2531 tondit
1167 2491 1261 2533 eorum
1273 2479 1425 2549 pectoribus
1439 2480 1481 2534 lex
1496 2481 1621 2534 truruana.
1632 2480 1689 2535 Non
1703 2490 1745 2535 est
1756 2496 1788 2535 ex
1800 2482 1872 2536 acci-

1070 2563 1144 2619 denti
1162 2565 1277 2636 bonurn,
1304 2567 1394 2625 debita
1413 2568 1550 2639 complere
1566 2587 1573 2624 :
1590 2585 1640 2626 nec
1662 2570 1758 2627 deesse
1778 2579 1869 2641 potest

1071 2654 1178 2709 ratione
1194 2655 1324 2725 preditis,
1341 2657 1412 2727 quod
1436 2659 1532 2714 avibus
1559 2659 1703 2728 probamus
1723 2664 1867 2718 insertum.

1071 2743 1155 2801 llersa
1167 2747 1236 2817 vice,
1250 2733 1353 2821 aquilas
1363 2750 1475 2822 legimus
1487 2751 1588 2808 letuom
1600 2754 1750 2809 ntinisterio
1764 2756 1836 2825 pasci
1857 2771 1866 2809 ε

1069 2844 1099 2893 ct
1127 2833 1287 2894 beneticinm
1319 2852 1477 2910 parentum,
1503 2847 1574 2918 qttod
1610 2845 1754 2917 implumes
1794 2850 1868 2915 nati,

1071 2916 1178 2995 ubendo
1203 2943 1315 2986 ovorum
1329 2931 1427 2990 tunicis
1439 2946 1584 3005 eruuntur,
1600 2936 1700 3007 indepti
1715 2945 1791 3004 sunt,
1806 2954 1868 3011 qua-

1068 3015 1129 3072 dani
1144 3014 1257 3075 districti
1272 3020 1396 3091 equitate
1407 3026 1562 3083 restituunt.
1574 3027 1630 3084 Non
1643 3035 1736 3099 putant
1745 3031 1868 3088 volucres

224 3143 323 3210 Credo,
332 3143 468 3216 digressus
478 3158 494 3198 e
504 3143 607 3216 praelio,
615 3143 675 3201 loco
682 3144 804 3214 principe
811 3142 924 3200 delubra
937 3157 1017 3199 vene·
1031 3132 1056 3199 C
1069 3119 1131 3162 ⁸⁸⁵⁰
1142 3105 1265 3195 hwum·
1275 3121 1385 3182 ΜΨ
1414 3115 1548 3187 ‘'mm“
1560 3134 1567 3174 ²
1579 3118 1658 3190 ΨΜ
1673 3129 1714 3174 ⁰⁸¹
1728 3120 1867 3192 ingenium

224 3234 299 3294 ratus
312 3247 354 3305 es,
370 3248 396 3293 et
416 3236 453 3294 ibi
467 3239 578 3309 gratiam
600 3239 732 3304 retulisti,
749 3238 818 3293 unde
842 3238 960 3307 predam
980 3239 1016 3293 le·

226 3331 302 3384 riatis
323 3329 446 3408 matribus
463 3339 552 3386 certas
571 3329 704 3399 abripere.
732 3329 835 3386 Vereor
856 3344 891 3386 ne
911 3329 1018 3399 templis

225 3423 297 3479 nulla
312 3421 370 3478 lace
387 3422 564 3493 consumptis,
575 3423 655 3482 ducat
670 3424 800 3482 vestalem
815 3424 945 3496 virginem
957 3437 1018 3480 sors

224 3514 340 3572 secunda
354 3516 496 3586 captivam.

515 3632 629 3690 bibito
645 3632 725 3692 tivit.

348 3722 382 3779 itt
395 3740 452 3780 euru
464 3721 508 3797 qui
522 3724 576 3782 seni
591 3729 658 3796 porri
673 3709 742 3783 eibos
753 3727 890 3782 subtranit.

524 3816 588 3874 bata
603 3819 722 3875 aratori.

263 3972 265 3979 ,
457 3925 656 3968 cournoveasts
671 3927 786 3976 notura.

256 3986 362 4069 Nescio,
375 3997 493 4071 jndices,
510 4011 599 4056 utrum
616 4001 769 4057 inveniatur
782 4014 874 4072 poeua,
888 4013 948 4070 quae
961 3998 1014 4054 cri·

222 4092 339 4157 minibus
364 4094 512 4148 satisfaciat
534 4093 659 4164 impetiti.
684 4092 795 4150 lu'terim
819 4094 895 4150 deest
916 4092 1015 4164 tingue

221 4186 315 4258 copia,
329 4185 436 4258 quando
451 4183 577 4241 facinoris
590 4185 696 4241 novius
716 4195 827 4257 superat
844 4199 1013 4257 arguentem.

221 4278 275 4336 lstc
284 4288 325 4335 est
335 4278 405 4335 tilius
415 4277 460 4351 qui
475 4278 621 4350 grandaeto
629 4281 714 4349 patri,
723 4286 883 4348 compenset
893 4276 1014 4351 praebere

221 4371 364 4439 alimenta,
381 4372 545 4444 denegarit:
563 4372 589 4428 id
607 4371 678 4445 genii
699 4371 847 4429 sceleribus
866 4366 922 4428 suis
935 4387 1013 4428 asso·

221 4455 308 4533 ciana,
322 4473 350 4520 nt
363 4474 436 4521 esset
458 4475 534 4535 patre
548 4462 676 4520 incolumi
691 4462 835 4537 parricida.
851 4451 934 4521 cous
947 4480 1013 4521 eva·

221 4557 289 4614 sisse
301 4567 326 4612 te
338 4558 457 4614 debitum
477 4557 511 4613 de
527 4571 580 4612 uon
594 4556 668 4611 illata
680 4558 796 4628 genitori
811 4567 898 4613 morte
912 4558 1015 4630 suppli-

222 4650 308 4706 cium?
318 4648 1015 4723 utesscs¹innocentior,pepercistii‘otuissescru·

221 4741 307 4802 clatus
320 4761 387 4815 quos
398 4745 539 4811 intuleras,
547 4745 640 4800 ultimo
652 4741 736 4815 patris
744 4743 798 4801 line
808 4744 1014 4813 rotvclodere,'si

221 4848 330 4915 mutim
340 4835 433 4907 iugulo
448 4838 579 4893 medicam
596 4836 784 4906 praestitisses:
800 4836 885 4907 prima
900 4845 942 4893 cst
956 4851 1015 4893 ma·

220 4925 308 4980 lorum
326 4935 430 4982 tuorum
443 4928 608 4997 adinventio,
627 4930 758 4985 creatoris
782 4925 882 4999 pr'oprii
901 4927 1011 4988 exitium

221 5031 271 5097 pec
281 5032 420 5075 renrovere
435 5031 463 5075 ut
477 5023 550 5091 pium
564 5022 664 5090 lilium,
674 5036 762 5081 nccut
774 5024 911 5080 crudelem
921 5024 1011 5099 decet,

220 5109 330 5177 insieme.
346 5112 414 5179 Quid
429 5123 472 5169 est
486 5116 557 5186 quod
571 5116 640 5173 inter
656 5127 796 5191 utrumque
813 5119 899 5187 viarn,
915 5118 1011 5189 exqui-

219 5203 264 5265 siti
274 5204 399 5261 intentor
413 5206 535 5287 periculi,
545 5216 668 5264 neutram
683 5219 802 5268 sectatus
815 5209 934 5282 pasceris
949 5225 1012 5282 pro-

219 5297 338 5372 avulgata
357 5299 416 5356 tabe
429 5299 574 5370 genitoris?
591 5301 673 5368 vixit,
690 5312 716 5358 te
732 5315 903 5375 procurante,
915 5321 948 5360 eo
971 5307 1012 5361 in·

177 5420 180 5425 .
219 5389 324 5464 iclicior
338 5400 422 5462 pater,
437 5391 509 5465 guod
525 5392 594 5448 utoni
608 5403 633 5448 te
650 5410 811 5462 procurante
831 5415 885 5454 non
901 5400 1009 5455 ureroit.

219 5479 315 5552 Nemo,
331 5485 509 5551 sanctissimi,
525 5485 630 5541 dubitat
641 5489 733 5544 utotvtli
747 5491 825 5546 istius
846 5491 916 5547 ruala
930 5492 1013 5549 advo·

219 5586 280 5637 cata
291 5593 358 5635 tteee
365 5582 488 5653 sepeliri,
500 5589 527 5636 ct
538 5594 709 5638 coruruunem
728 5596 829 5643 sorteru
845 5598 935 5644 votum
950 5601 1011 5643 esse

178 5733 698 5834 'lmwmwwt

1071 3200 1229 3272 quodcirca
1249 3200 1415 3279 diligentiam
1431 3221 1540 3263 suorum
1556 3207 1633 3265 alites
1647 3211 1733 3265 nescit
1748 3211 1865 3267 imitarii

1070 3287 1189 3347 Transm
1204 3293 1397 3365 multiplicibus
1408 3297 1537 3366 exemptis
1547 3297 1670 3370 luporum¹
1682 3295 1843 3371 rapacitates
1856 3345 1865 3373 ,

1067 3381 1162 3454 jejuno
1177 3399 1253 3440 escas
1269 3384 1424 3456 parentibus
1438 3404 1485 3445 ore
1499 3387 1641 3461 deserunt,
1658 3404 1686 3450 et
1702 3394 1813 3464 impasta
1827 3397 1866 3452 ri·

1070 3472 1194 3530 secribus
1206 3474 1263 3531 iera
1281 3477 1315 3533 ad
1329 3490 1467 3536 creatores
1480 3497 1544 3538 suos
1558 3483 1644 3540 currit
1658 3500 1705 3542 ore
1728 3487 1863 3558 locupleti.

1071 3562 1126 3621 Vos
1139 3566 1297 3638 perpendite
1311 3572 1504 3626 conscientiam
1525 3575 1581 3641 rei,
1597 3573 1670 3646 quali
1686 3592 1764 3648 prena
1785 3578 1866 3650 digna

1069 3655 1121 3721 sit,
1136 3673 1196 3728 qum
1217 3645 1346 3716 inusitata
1365 3665 1501 3719 commisit
1516 3683 1523 3719 ε
1541 3668 1602 3737 quia
1617 3672 1798 3741 propagantur
1811 3672 1863 3728 irn-

1068 3745 1191 3819 pbnitate
1208 3750 1287 3816 vitia,
1304 3760 1332 3808 et
1346 3753 1396 3808 nisi
1418 3755 1595 3824 judicantium
1616 3774 1728 3816 censura
1753 3775 1863 3820 succur-

1067 3844 1158 3918 reret,
1174 3841 1302 3910 peceandi
1314 3843 1355 3899 vis
1369 3860 1417 3916 per
1431 3849 1558 3917 generale
1571 3865 1670 3923 corpus
1683 3852 1778 3911 exiret.

1354 3956 1468 4016 utetttt
1481 3960 1572 4018 xviii.

1067 4065 1102 4123 itt
1117 4079 1269 4140 tyrannum,
1288 4073 1335 4197 wi
1348 4076 1447 4155 prendi
1459 4078 1573 4216 fmtminai
1584 4081 1729 4206 πηίεὶάω
1750 4093 1861 4139 statuam

1297 4160 1363 4198 aner
1375 4161 1443 4200 utros
1470 4164 1499 4201 or
1512 4165 1536 4203 et
1569 4166 1582 4204 e
1603 4167 1631 4205 t.

1328 4236 1394 4290 bata
1409 4240 1516 4295 stratori
1532 4240 1561 4294 ll.
1573 4239 1603 4296 G.

1305 4341 1500 4385 cournovcnstt
1516 4346 1623 4394 norunt.

1101 4413 1505 4488 Quamvis,1ndices,virornm
1530 4425 1637 4484 tortium
1662 4429 1764 4501 efligies
1786 4448 1862 4489 man·

1026 4501 1055 4565 D
1067 4520 1131 4562 suro
1145 4510 1299 4579 perenniter
1315 4525 1369 4566 aere
1383 4524 1535 4580 serventur,
1548 4527 1574 4573 et
1589 4534 1636 4591 per
1650 4519 1707 4577 baec
1720 4525 1862 4584 simulacra

1069 4599 1189 4654 nesciant
1201 4598 1302 4656 obitum
1317 4603 1359 4658 rel
1374 4606 1473 4675 sepulti
1486 4624 1493 4661 :
1505 4612 1628 4679 quamvis
1644 4614 1670 4667 iu
1684 4617 1863 4674 aeternaitatem

1069 4689 1166 4762 migret
1181 4706 1229 4761 per
1242 4691 1289 4748 bas
1304 4705 1376 4750 artes
1391 4696 1480 4769 imago
1492 4703 1663 4772 mortalium,
1681 4716 1708 4762 et
1721 4720 1862 4778 arigustam

1069 4776 1194 4863 bumana
1212 4790 1313 4836 naturae
1327 4782 1411 4855 legem
1431 4785 1520 4842 vincat
1534 4789 1664 4848 industria
1682 4811 1688 4846 ι
1703 4803 1792 4850 tamen
1808 4799 1862 4853 vir·

1067 4864 1131 4918 tutis
1156 4865 1270 4936 pretium
1294 4884 1344 4925 nec
1366 4873 1499 4940 parricida
1513 4875 1657 4945 aliquando
1676 4882 1789 4947 rvicruit,
1814 4900 1861 4939 trec

1067 4959 1197 5025 tyrannus
1220 4953 1345 5010 exsolvit.
1362 4957 1475 5025 Quando
1497 4975 1595 5016 mutius
1618 4962 1790 5020 innocentum
1815 4978 1862 5024 :rut

1067 5032 1216 5093 sceleratus
1230 5040 1338 5110 elicuit,
1353 5035 1399 5099 aut
1413 5057 1558 5114 oppressor
1578 5047 1710 5103 libertatis
1733 5052 1862 5120 ingessit?

1068 5126 1176 5198 Statua,
1199 5130 1347 5188 venerandi
1372 5137 1512 5205 praesules,
1539 5137 1643 5194 sudoris
1674 5140 1776 5195 inactus
1801 5156 1859 5209 nsi,

1067 5216 1169 5291 judicio
1184 5220 1319 5278 reddenda
1334 5225 1471 5295 purissimi
1487 5246 1492 5280 :
1510 5232 1578 5284 utin
1595 5236 1707 5302 utroque
1727 5247 1861 5300 erengi-uns

1069 5307 1140 5368 nitor
1154 5327 1203 5368 nec
1227 5315 1417 5384 suscipientem
1436 5318 1613 5386 devenustet,
1631 5324 1654 5378 si
1683 5318 1791 5393 indigno
1813 5343 1861 5379 attr-

1067 5404 1136 5460 ctori
1148 5407 1315 5475 provenerit,
1327 5423 1388 5476 nec,
1396 5409 1577 5469 siconis-ratur
1588 5415 1735 5480 immerito,
1746 5418 1861 5474 inmutet

1064 5483 1232 5567 largientem.
1241 5496 1268 5552 st
1282 5497 1367 5554 libera
1378 5496 1507 5558 adversos
1519 5512 1661 5576 tyranuum
1675 5524 1724 5562 rot
1741 5517 1782 5563 est
1799 5512 1861 5567 rita

1064 5587 1232 5657 detestantis,
1240 5589 1263 5645 si
1274 5588 1338 5646 licet
1347 5591 1397 5650 sub
1405 5595 1644 5654 tumre'crinunum
1655 5599 1749 5669 culpas
1760 5604 1859 5672 tangeri,

1099 5746 1112 5785 ¹
1124 5748 1231 5826 mun,
1244 5756 1385 5816 ιιοιιιιιιιι.
