3906 6180
234 299 287 360 tlt

793 305 931 362 eunoun
950 302 1103 383 netspput
1122 305 1312 364 attinensls

1819 312 1874 389 art

230 427 293 484 terri
304 426 447 491 medicina,
458 427 628 499 serpentibus
640 426 741 481 morbis
753 432 860 497 praestat
871 423 1021 498 obsequia:
1036 424 1120 497 Ago,
1143 427 1259 480 nutritor
1284 427 1460 494 profectuum,
1483 428 1527 483 lar
1550 438 1577 484 et
1601 429 1729 499 splendor
1753 430 1875 500 {ingenui-

231 534 292 574 nam
315 519 365 574 nisi
388 530 513 575 secentur
533 517 673 584 tabefacta,
689 516 883 572 cotuamiuant.
909 515 1023 571 Pacidca

229 623 271 670 est
282 627 342 669 cum
356 610 397 665 bis
411 611 455 678 qui
470 620 571 665 rectum
582 609 703 664 nituntur
714 608 882 679 impugnare,
896 622 1024 678 congres-

230 686 272 760 sio
284 721 291 757 :
304 705 363 772 quis
376 719 391 757 a
405 701 483 758 bellis
495 703 592 759 talibus
604 703 708 758 timoris
720 713 860 758 revocetur
872 701 1022 769 obstaculo,

229 794 264 852 ule
277 796 375 865 quibus
387 795 462 850 riuti
480 798 564 866 possit
575 807 661 852 morte
675 794 810 867 gaudere?
822 794 919 866 quibus
932 795 1023 850 mundi

229 880 310 958 liuius
334 889 498 959 putentibus,
520 889 561 944 uel
585 891 607 944 si
632 890 777 954 minentur,
799 887 1023 969 aeqrriesccndurn

229 981 377 1049 credimus,
392 984 499 1050 quando
515 984 587 1040 aliud
612 985 724 1055 imperat
738 984 782 1052 utri
796 998 878 1052 regna
898 982 1022 1037 modera-

231 1073 291 1128 turi
304 1074 410 1129 dicente
426 1077 577 1146 Apostolo:
594 1075 653 1130 Nou
669 1084 729 1129 sunt
747 1075 882 1146 condignus
895 1075 1025 1143 passiones

230 1165 309 1235 buius
323 1167 413 1221 muudi
428 1163 462 1220 ud
476 1177 683 1239 superuentnront
694 1167 814 1239 glorians,
828 1181 884 1236 qute
902 1166 1025 1221 reactubi·

231 1268 274 1337 tur
294 1259 323 1314 in
343 1259 413 1313 troiia
426 1259 515 1327 (liom.
533 1275 591 1328 ultr,
608 1259 664 1328 llll.
680 1257 762 1313 Elusa
781 1259 1023 1327 ecclesiasticorum

230 1353 367 1410 cordaaut
380 1355 563 1425 turbantque
579 1355 605 1407 in
620 1353 746 1425 praesenti
760 1355 813 1407 uita
827 1360 898 1419 sunt,
914 1360 960 1406 aut
975 1352 1023 1408 de·

154 1436 157 1444 ’
228 1445 331 1500 lectant
345 1463 351 1497 :
363 1445 459 1515 quibus
475 1445 483 1477 ¹
497 1445 611 1500 dcacirrs
622 1445 666 1515 qrri
678 1445 738 1499 diro
749 1443 848 1499 diaboli
864 1460 879 1499 a
891 1442 1024 1521 sententia

229 1552 277 1593 sua
303 1547 391 1594 motus
411 1537 534 1606 imperio,
552 1537 657 1592 erubuit
677 1537 722 1592 diu
745 1545 972 1608 propugnatorem
994 1549 1025 1590 se

229 1629 312 1684 luisse
331 1628 464 1693 ueritatis3
484 1639 513 1683 et
531 1628 596 1682 clari
614 1628 742 1683 deserens
762 1639 919 1683 ornamenta
935 1637 1023 1684 certa-

229 1720 322 1786 mluis,
333 1720 496 1793 triumphum
510 1735 587 1776 strum
609 1737 687 1789 uitem
707 1722 757 1776 sub
777 1722 906 1777 Basilisco
920 1721 964 1793 pio
979 1739 1025 1779 su-

1077 508 1137 570 tntis
1154 518 1216 586 :ptri
1230 518 1327 573 nobilia
1350 522 1470 588 germina
1493 521 1635 576 laboriosis
1653 522 1792 591 purgando
1807 539 1865 578 sar·
1916 510 1922 522 ’

1076 608 1143 663 culis
1159 610 1184 663 iu
1199 609 1331 666 [ructibus
1343 608 1409 665 lacis
1427 613 1536 680 agnosci
1550 613 1612 682 :qtti
1626 613 1650 667 in
1662 628 1729 667 cano
1744 613 1809 669 llere
1822 630 1873 669 nu·-

1077 699 1153 754 rellse
1166 692 1346 769 posteritatis,
1368 712 1497 772 quantum
1518 705 1620 760 lrorreis
1640 717 1760 773 paretur,
1783 722 1874 764 osteu-

1075 791 1117 847 dis
1131 808 1138 847 :
1154 796 1198 859 uui
1213 793 1248 848 de
1261 779 1521 872 terarumcubilibus
1535 807 1562 853 et
1583 798 1718 853 bubonum
1738 799 1875 856 babitacu-

1075 884 1110 941 lis
1120 884 1155 941 ad
1167 883 1223 941 lora
1234 901 1420 955 aosretocas,
1433 889 1505 944 unde
1517 888 1634 959 maiores
1650 906 1717 960 pene
1726 893 1780 960 ianr
1793 892 1873 963 lorrga

1075 985 1155 1063 astate
1173 978 1368 1038 discesserant.
1394 979 1451 1037 Non
1467 983 1538 1038 euim
1565 991 1657 1062 patent
1678 970 1793 1062 eruditis
1817 986 1875 1042 ioca

1076 1075 1139 1138 ista,
1166 1075 1265 1146 quibus
1291 1076 1433 1132 scientiam
1456 1092 1509 1132 non
1531 1076 1695 1148 primoribus
1712 1078 1795 1133 labris
1816 1079 1874 1148 ipsa

1075 1167 1248 1226 contulerint.
1276 1167 1360 1241 Cujus
1380 1170 1451 1226 enlm
1478 1171 1540 1227 tuba
1564 1172 1738 1240 cognoscitur
1760 1171 1872 1242 eloquii,

1076 1259 1128 1316 nisi
1137 1260 1214 1331 crrjtts
1225 1262 1339 1336 puerilia
1352 1262 1520 1341 innotuerint
1534 1261 1686 1343 rudimenta
1698 1264 1874 1318 sermonumt

1076 1352 1136 1409 Tibi
1163 1367 1228 1425 ergo
1253 1353 1387 1410 debentur
1412 1354 1470 1410 bne
1491 1338 1633 1431 bertedeia,
1658 1338 1874 1432 uuod'citaturas

1076 1458 1150 1525 reum
1173 1426 1338 1500 causidicus¹
1361 1428 1430 1500 iuter
1457 1446 1526 1501 atria
1555 1445 1609 1517 jam
1633 1446 1744 1515 probata
1772 1446 1867 1500 dictio·

1076 1550 1137 1592 nem
1166 1538 1328 1615 metuentius
1347 1539 1467 1609 incipiet.
1483 1539 1543 1595 'libi
1566 1530 1730 1611 spes'unica
1753 1541 1873 1596 lrnnestae

1075 1625 1253 1697 professionis
1271 1628 1470 1696 ascribenda,
1501 1630 1572 1702 quod
1601 1630 1725 1686 nobilitas
1752 1631 1873 1686 decursis

1076 1716 1152 1776 breui
1171 1719 1337 1791 temporibus
1352 1721 1456 1778 liberali
1483 1722 1582 1779 sudore
1598 1722 1726 1792 placitura
1744 1733 1795 1779 est.
1819 1724 1873 1779 Sed

228 1808 297 1866 dote
316 1820 468 1877 meruerat,
488 1810 632 1868 debellarit
651 1831 657 1865 :
677 1813 721 1884 quui
742 1813 807 1868 solis
827 1814 944 1882 praesuiis
966 1814 1022 1869 suis
1038 1801 1062 1869 Β
1077 1825 1130 1881 quo
1145 1826 1188 1866 me
1201 1810 1325 1881 ignarum
1338 1812 1434 1867 uirium
1450 1814 1486 1868 tui
1498 1813 1567 1884 rapit
1581 1813 1695 1880 allectio,
1709 1815 1872 1871 narrationis

229 1917 299 1972 pene
314 1913 436 1974 tempore
447 1904 599 1974 adeptionis
611 1904 722 1972 inuidet,
735 1921 810 1975 spem
826 1906 956 1961 bonorum
970 1908 1024 1963 iru-

228 2002 320 2052 ctuum
345 1997 466 2066 perndie
486 1996 554 2053 lalce
579 1997 729 2054 srrccldens.
752 1996 865 2053 Gravius
883 1998 956 2054 enim
970 2009 1022 2066 est,

228 2080 368 2162 degustata
378 2091 448 2148 bona
460 2108 539 2164 quam
553 2092 652 2148 intacta
665 2093 795 2149 calcasse.
808 2094 877 2147 llibil
890 2093 1025 2150 detrusio-

227 2187 272 2243 nis
291 2196 414 2258 superest
429 2187 542 2257 bomini,
565 2197 627 2257 post
646 2187 751 2243 dulcem
765 2187 875 2257 justitie
887 2202 1023 2256 saporem,

228 2279 263 2336 ad
281 2280 419 2336 mortifera
441 2280 614 2336 selniematum
640 2295 743 2336 reneua
767 2280 900 2363 redeunti.
923 2279 963 2336 lle
982 2281 1024 2338 luis

230 2366 290 2453 oue
307 2372 409 2443 prelati
427 2388 522 2447 sumus
536 2383 628 2429 natrtm
643 2386 696 2442 est,
710 2373 780 2444 quod
795 2375 822 2430 in
836 2374 1024 2430 Constantino-

230 2446 348 2545 pplttina
361 2481 447 2537 nuper
462 2465 582 2545 Ecclesia
597 2465 684 2523 lertur
697 2467 855 2524 admissum.
877 2468 941 2522 lude
955 2469 1024 2537 pati·

228 2550 291 2641 intur
313 2560 373 2616 sine
398 2558 472 2644 vocis
496 2574 577 2639 psura
596 2559 754 2615 tristitiam:
772 2561 816 2630 qui
838 2559 908 2615 enim
927 2561 1024 2616 oblatis

227 2649 357 2730 remediis
382 2665 435 2707 non
458 2651 605 2716 obediant,
629 2653 725 2708 merito
745 2652 810 2707 nillil
832 2652 1025 2708 consolationis

163 2757 166 2760 ’
228 2724 350 2823 tempore
364 2757 418 2814 quo
432 2754 600 2814 premuntur,
616 2727 779 2825 babuerunt.

235 2816 246 2831 ’“
268 2816 282 2829 ““
529 2835 641 2893 utcrto
662 2834 718 2891 ιιι.

1078 1904 1189 1974 pelagus
1202 1919 1255 1958 non
1268 1905 1453 1974 pendentem?
1467 1907 1566 1962 suldcit
1582 1907 1608 1962 in
1625 1907 1676 1962 loci
1690 1907 1769 1961 andei
1780 1919 1807 1963 et
1817 1908 1871 1962 diei

1078 1996 1237 2052 celebritate
1246 2005 1310 2052 uota
1319 2005 1456 2052 testatum.
1468 1997 1509 2053 nd
1518 2013 1566 2053 uos
1576 2010 1706 2067 revertor,
1715 2000 1812 2069 quibus
1825 2016 1873 2069 pa-

1078 2095 1152 2142 terna
1168 2098 1319 2143 contuentur
1336 2089 1477 2146 allectione
1491 2106 1586 2166 rocem
1599 2091 1685 2148 debeo
1699 2107 1872 2148 commouen-

1078 2178 1122 2234 tis.
1140 2177 1254 2235 lieddite
1274 2196 1322 2236 ros
1339 2183 1473 2238 studendo
1493 2184 1602 2254 origini,
1619 2185 1723 2240 reddite
1737 2184 1872 2240 natilibus

1077 2270 1193 2326 lectione
1210 2289 1217 2325 :
1233 2284 1335 2328 naturae
1359 2273 1445 2330 lucem
1466 2274 1547 2344 iubar
1569 2275 1695 2330 dictionis
1721 2277 1869 2332 ostendat:

1077 2362 1253 2436 multiplicate
1271 2364 1384 2423 suffectu
1402 2367 1522 2436 su'eutiar
1534 2376 1674 2438 parentum
1694 2370 1784 2423 titulos
1798 2386 1805 2423 τ
1821 2385 1868 2424 or-

1077 2461 1139 2534 nate
1154 2453 1307 2509 eruditione
1330 2455 1428 2512 decora
1445 2439 1588 2527 majorum.
1614 2459 1687 2514 l'ulvi
1704 2459 1871 2514 nobilitatem

1078 2543 1179 2625 metalli
1191 2546 1243 2600 nisi
1257 2546 1289 2600 ad
1302 2562 1419 2618 unguent
1429 2563 1524 2603 mansu
1538 2532 1620 2604 diicat
1633 2551 1755 2616 artificis,
1770 2562 1871 2606 mater·

1077 2635 1121 2689 nis
1134 2649 1203 2707 pene
1217 2636 1353 2695 hebetatur
1377 2640 1497 2695 tenebris
1510 2657 1517 2695 r
1533 2642 1596 2696 etsi
1614 2658 1665 2697 non
1680 2642 1807 2712 magistra
1823 2660 1871 2713 po-

1077 2726 1171 2784 litione
1185 2739 1354 2811 uenrrstetur,
1372 2731 1439 2786 nibil
1454 2733 1479 2787 ei
1494 2733 1605 2803 prodest
1624 2733 1774 2788 sublimitas
1789 2750 1868 2805 quam

1076 2833 1144 2874 uena
1157 2821 1335 2877 concesserit.
1353 2821 1502 2895 Adiciatur
1512 2823 1619 2896 quidem
1635 2824 1751 2879 doctoris
1766 2825 1869 2880 instan-

1077 2907 1113 2964 tia
1124 2908 1233 2987 dotiirus
1245 2912 1385 2981 sanguinis
1405 2899 1570 2987 presuntionis,
1582 2914 1628 2970 sed
1643 2916 1697 2969 nist
1710 2917 1798 2970 limata
1816 2931 1870 2971 nort

1077 3002 1190 3084 rutilant
1204 3004 1248 3058 illa
1269 3020 1329 3073 uuas
1354 3020 1383 3060 se
1404 3005 1511 3077 erigunt
1534 3007 1708 3076 prerogativa
1730 3008 1870 3062 trascendi.

1078 3093 1278 3165 incrementum
1293 3097 1423 3152 rusticum
1442 3108 1537 3152 matus
1550 3112 1680 3153 utsnrmas
1697 3099 1765 3152 iuter
1781 3099 1872 3154 sulcos

157 2957 167 2968 ·
227 2923 264 3009 Iu
276 2931 287 2962 ¹
299 2930 462 3003 dedicatione
475 2931 713 3073 mnosrfitqumddo
731 2929 766 2984 od
787 2933 874 3001 [orum
889 2928 1024 3003 translatio

232 3012 240 3021 “
318 3010 322 3019 “
571 3018 687 3057 ncces.
788 3008 792 3028 ²

485 3110 662 3153 scltutusrlct
677 3111 767 3153 tulus.

265 3188 300 3246 tlt
316 3204 427 3259 campus
449 3187 572 3251 militem,
599 3202 674 3244 snare
696 3189 812 3254 navitas,
832 3187 889 3243 lora
909 3186 1026 3243 causidi-
1038 3181 1064 3248 G
1078 3173 1211 3255 euacuat;
1228 3198 1255 3243 et
1268 3203 1314 3259 pet·
1329 3203 1425 3259 passm
1446 3174 1530 3260 pecus*
1543 3204 1633 3259 agere,
1649 3187 1713 3243 dum
1732 3189 1766 3243 ab
1782 3191 1872 3243 uberl-

228 3293 303 3343 oum,
317 3279 464 3333 sollicitant
484 3279 585 3332 incerta
600 3286 751 3345 raptorem,
771 3278 808 3332 ita
825 3278 956 3332 auditoria
971 3279 1025 3334 lin·
1042 3262 1061 3275 '⁴
1080 3281 1129 3335 bus
1144 3279 1255 3352 pendet,
1277 3282 1427 3336 assuescit:
1443 3280 1526 3352 patris
1548 3279 1675 3348 bracbiis,
1694 3280 1757 3335 dtrm
1777 3282 1872 3350 jrrren-

228 3382 296 3443 guas
306 3379 444 3427 exercent.
459 3371 524 3425 llam
537 3385 597 3440 quse
610 3371 709 3424 malurn
721 3370 790 3424 ratio
804 3369 928 3449 suadebit
944 3371 1026 3426 silen·
1077 3385 1124 3425 cus
1149 3371 1254 3441 latigat,
1280 3359 1435 3442 adjungitur
1451 3389 1458 3426 :
1474 3381 1582 3440 prensat
1604 3371 1742 3427 dexteram
1762 3373 1871 3442 grandia

228 3465 296 3521 llum
308 3463 334 3518 in
348 3463 406 3519 loco
418 3463 445 3518 iu
454 3478 507 3534 quo
517 3470 580 3517 sunt
591 3446 699 3532 praemis
712 3462 855 3517 constituta
864 3463 1025 3518 uerboruml
1080 3463 1160 3517 terris
1186 3463 1290 3517 semina
1313 3465 1545 3531 committentem
1569 3473 1597 3519 et
1618 3466 1743 3521 sudorem
1763 3465 1871 3536 originis

228 3554 415 3635 obdurationis
431 3555 529 3624 palma,
543 3555 564 3609 si
581 3553 624 3608 bic
636 3555 720 3624 gratia
734 3554 943 3611 taciturnitatis?
953 3555 1024 3611 Beue

228 3650 372 3707 eolrtrntur
386 3646 492 3704 sudoris
515 3647 610 3716 pretia,
628 3647 671 3701 ubi
692 3655 756 3703 stant
770 3649 867 3718 templa
879 3649 999 3704 uictoriae
1015 3666 1022 3702 :

228 3743 299 3801 bene
310 3741 444 3813 elingatur
456 3742 571 3798 seruitus
590 3741 662 3798 iuter
682 3742 750 3796 atria
771 3741 912 3799 libertatis.
928 3741 1024 3796 llineta

228 3836 275 3892 laic
294 3849 342 3890 ora
366 3841 458 3890 teneat
481 3848 557 3890 meus
575 3835 680 3906 captiua
698 3850 705 3888 :
722 3848 774 3888 non
795 3835 917 3903 agnoscit
937 3834 1022 3889 lorum

228 3927 343 3986 llomaai
357 3927 460 3998 populi,
476 3941 529 3982 nou
540 3926 657 3982 liberatis
672 3925 831 3982 eruditionis
843 3925 1021 3996 gyrnnasium,

228 4004 278 4105 qui
288 4005 376 4077 adbuc
390 4020 464 4090 urrasi
481 4020 507 4073 iu
523 4018 675 4074 secessibus
694 4017 862 4073 conticescit.
879 4017 939 4072 Sint
951 4027 1024 4070 nruta

228 4108 299 4169 loric
320 4109 490 4168 diversoria:
513 4109 555 4164 ltic
571 4109 635 4164 ullnll
655 4117 696 4164 est
719 4118 771 4162 tam
795 4107 925 4164 lamiliare
944 4123 1024 4177 uuam

229 4203 326 4274 pompa
348 4200 463 4257 dicendi.
495 4199 676 4256 Fescenninos
699 4200 769 4255 sales
791 4197 938 4271 hymenaeis
959 4200 1025 4255 dare

229 4294 337 4367 gerulum
362 4301 499 4350 consuete
528 4290 705 4363 protessionis
734 4290 843 4358 plausus
870 4290 992 4345 lrortatur
1016 4308 1022 4343 :

229 4391 368 4460 eriguntur
391 4387 464 4442 lituis
487 4386 633 4441 bellatores
656 4399 664 4439 ι
687 4382 786 4439 uirtute
810 4381 913 4437 debiles
934 4383 1025 4453 grauis

228 4479 401 4538 buccinarum
414 4487 509 4533 cantus
524 4476 619 4531 attollit
637 4494 643 4529 :
660 4475 721 4529 data
735 4482 798 4530 suut
813 4472 947 4529 universis
959 4476 1026 4528 ami-

1077 3568 1133 3610 sue
1146 3554 1173 3608 in
1192 3555 1253 3627 ipso
1265 3554 1332 3609 lucis
1346 3556 1440 3610 liuline
1458 3557 1612 3612 meditatur.
1625 3558 1692 3625 Qttitl
1709 3574 1755 3611 ros
1769 3557 1871 3613 laciatis

1076 3663 1145 3719 quos
1161 3641 1317 3703 liberalibus
1330 3661 1492 3718 pepererunt
1504 3660 1604 3705 matres
1620 3652 1727 3723 optimas
1746 3650 1870 3720 discipli-

1075 3741 1134 3796 nis?
1151 3739 1373 3809 peregrinandum
1387 3741 1463 3795 robis
1478 3751 1520 3795 est
1540 3744 1688 3810 agerrnine
1704 3740 1805 3805 ditiori,
1821 3743 1871 3795 nisi

1076 3849 1125 3909 yos
1135 3832 1240 3888 nobiles
1253 3831 1374 3886 instituta
1387 3834 1609 3888 monstraverint.
1622 3833 1729 3887 llabetis
1742 3833 1871 3901 praeuiuut

1076 3925 1239 3996 eloquentie
1265 3939 1425 3995 morumque
1448 3925 1586 3980 doctorem
1603 3926 1722 3979 :currite
1742 3926 1872 3994 prosapias

1079 4018 1196 4074 stimulis
1212 4017 1328 4082 incitati,
1342 4028 1441 4072 etcum
1456 4032 1504 4072 ros
1518 4017 1550 4071 ad
1561 4032 1673 4095 agonem
1688 4018 1796 4084 pneuma
1812 4029 1872 4085 pru-

1081 4098 1163 4166 missa
1178 4109 1366 4182 perduxerint,
1383 4096 1438 4164 mei
1456 4109 1610 4164 meminisse
1630 4107 1791 4176 dignamini:
1806 4111 1869 4180 quia

1079 4212 1240 4276 suntquaea
1257 4203 1332 4258 tobis
1352 4210 1413 4272 post
1432 4202 1570 4257 coelestem
1592 4198 1793 4255 retributionem
1811 4202 1870 4254 sul-

1076 4296 1160 4368 iragia
1173 4298 1291 4351 ltortator
1311 4296 1435 4365 accipiat.
1459 4292 1521 4350 llaec
1543 4303 1615 4358 suut,
1633 4308 1693 4364 quta
1708 4309 1755 4348 vos
1772 4295 1871 4349 nostris

1078 4387 1153 4442 licuit
1176 4386 1288 4442 uocibus
1310 4385 1458 4441 admoueri.
1489 4384 1542 4439 l'os
1564 4385 1728 4456 diligentiam
1754 4386 1871 4454 pectoris

1079 4478 1131 4533 tuci
1147 4474 1293 4551 expendite
1305 4475 1521 4531 consideratione
1534 4476 1677 4530 uerborum
1694 4490 1764 4530 :nou
1781 4474 1870 4543 pirate-

229 4588 259 4629 ca
281 4571 452 4627 inritamenta
474 4567 629 4638 propositis·
646 4564 714 4632 Quid
737 4579 787 4634 ⁰13⁰
808 4563 914 4628 faciam.
931 4563 1024 4618 ducto-
1038 4562 1066 4627 Ι)
1079 4580 1153 4625 ratris
1163 4585 1264 4638 sermo,
1287 4585 1340 4624 nun
1355 4569 1513 4625 illecebrosa
1526 4579 1628 4624 teritum
1643 4579 1670 4624 et
1687 4569 1791 4639 depicta
1804 4568 1870 4623 lucis

229 4682 288 4724 rum
305 4664 416 4736 optime,
437 4671 464 4717 te
479 4659 622 4730 loquente?
637 4657 660 4713 si
679 4656 834 4711 iulabricata
858 4654 938 4711 rerba
954 4654 1024 4709 intra

229 4756 411 4813 verecundum
436 4753 572 4825 penetrale
594 4752 757 4812 contineam,
774 4749 887 4803 instituti
904 4763 947 4802 nte
963 4762 1024 4802 csso

153 4870 155 4875 ·
230 4847 325 4902 similis
349 4861 402 4900 non
429 4858 570 4914 agnoscas.
600 4841 785 4896 amicitiarum
811 4839 967 4909 religionem
996 4839 1021 4894 in

229 4939 314 5010 gratia
341 4949 437 5006 parcus
460 4934 605 4998 tollendam,
628 4933 650 4987 si
676 4947 724 4986 nec
747 4930 929 4986 translationis
945 4932 1022 4997 lesta,

229 5043 279 5085 nee
293 5028 390 5083 debitae
410 5019 458 5081 tibi
480 5026 565 5080 laudis
580 5038 677 5080 munus
698 5023 847 5078 exsolvero.
874 5021 955 5078 Saite
975 5038 1020 5078 er-

250 5223 251 5232 ,
264 5191 276 5230 t
291 5180 411 5254 Aeneiae]
425 5181 570 5250 Episcopus
580 5177 901 5246 constantinopolitanus,
914 5179 958 5246 utri
971 5180 1011 5247 pri

227 5270 302 5313 mam
313 5255 420 5326 quidem
435 5269 481 5318 pro
494 5252 588 5323 sptrodi
604 5250 760 5305 detonsione
773 5249 902 5303 adsersus
914 5249 1020 5304 Petrum

227 5327 353 5401 Mnggum
369 5328 452 5389 stetit,
468 5334 613 5390 arrcturnue
637 5320 764 5377 Rasiliseu
785 5320 844 5379 luit,
863 5331 890 5372 ut
905 5321 1022 5376 edietum

227 5403 299 5472 tpuod
314 5399 442 5453 arlversus
458 5397 529 5450 illam
545 5392 699 5463 scripserat,
714 5401 862 5453 revocaret,
881 5400 908 5446 ut
924 5407 957 5446 ert
973 5390 1022 5446 Za·

227 5473 320 5527 citaris
334 5471 444 5526 ructare
459 5467 537 5521 tradit
552 5463 681 5532 Euagrius
697 5463 743 5518 lib.
761 5479 787 5516 ru
808 5462 875 5517 llist.
893 5462 1021 5517 eeclesia·

228 5548 315 5608 sneto,
329 5557 389 5613 cap.
404 5524 431 5596 i.
448 5538 512 5596 Post
533 5538 601 5600 lutee,
623 5543 725 5589 mutato
741 5533 885 5601 leuissima,
900 5543 928 5588 ut
943 5534 1021 5588 tibe-

229 5623 305 5666 ratus
318 5627 377 5683 cap.
397 5612 429 5668 l'l
444 5617 527 5675 notat,
544 5621 666 5662 excausa
683 5603 806 5670 consilio,
820 5604 901 5660 Patro
916 5604 1018 5673 lloggo,

228 5680 311 5754 tpuem
333 5695 410 5738 antea
430 5684 578 5743 damnarat,
592 5676 681 5733 latere
694 5677 785 5743 clepit,
802 5677 1020 5746 grauissiuueuue

228 5755 460 5809 ettttolestissimae
471 5752 497 5807 itt
507 5750 627 5808 Ecclesia
638 5749 848 5821 perturbationis
858 5743 1020 5830 astutoruluit,

229 5838 291 5919 guse
307 5831 368 5901 post
382 5824 466 5895 ipsius
478 5822 559 5879 etiam
573 5831 686 5878 mortem
700 5817 850 5876 diutissime
863 5819 993 5880 desserut.

1078 4648 1197 4716 narratio
1212 4660 1347 4717 delectet:
1364 4659 1476 4730 atterite
1488 4660 1558 4730 apud
1574 4676 1616 4715 mo
1634 4675 1687 4714 nou
1699 4660 1806 4726 blanda,
1823 4659 1869 4712 sed

1078 4754 1243 4818 necessaria;
1264 4767 1317 4806 nun
1334 4749 1476 4819 deliciosa,
1491 4752 1537 4806 sed
1550 4751 1642 4806 tortia.
1659 4751 1783 4821 Nunuuid
1797 4751 1870 4820 jurat

1077 4860 1202 4916 pompam
1217 4854 1308 4898 terere
1321 4852 1455 4914 praecepta
1470 4843 1617 4898 daturum?
1632 4843 1677 4912 qui
1692 4842 1799 4913 probari
1817 4858 1869 4896 nou

1077 4922 1162 5008 magis
1184 4934 1310 4992 sensibus
1332 4950 1413 5005 quarn
1432 4918 1561 4990 'sermone
1588 4934 1720 5002 disponit,
1743 4933 1867 4987 allectum

1077 5028 1217 5087 monitoris
1232 5033 1356 5109 evacuat.
1377 5027 1547 5083 Ponderibus
1566 5037 1678 5081 ornetur
1692 5026 1771 5078 dictio
1788 5028 1869 5077 casti-

1109 5191 1120 5222 ¹
1141 5185 1174 5239 ln
1187 5184 1347 5238 dedicatione
1359 5181 1492 5254 auditorii]
1508 5183 1546 5238 ltu
1565 5183 1691 5237 Romanas
1706 5178 1804 5232 scltolm
1822 5197 1870 5231 :ur-

1073 5257 1172 5314 ditorio
1187 5270 1275 5310 sermo
1290 5262 1342 5310 est.
1360 5254 1554 5309 Translatiouis
1574 5255 1639 5307 testu
1655 5260 1740 5309 torcat,
1758 5265 1818 5302 cnm
1836 5268 1867 5304 rx

1074 5326 1193 5397 pristinis
1216 5321 1325 5381 sedibus
1348 5323 1381 5378 ad
1406 5324 1492 5380 lurum
1518 5322 1609 5384 sellula
1632 5321 1763 5391 unigravit,
1785 5331 1813 5373 ut
1833 5324 1867 5375 itu

1076 5398 1185 5465 ludicrae
1196 5395 1402 5451 exercitationes
1418 5395 1521 5459 iterem,
1541 5393 1584 5447 nlri
1601 5392 1679 5448 seriae
1699 5406 1787 5445 carisa:
1806 5408 1869 5460 age-

1075 5470 1184 5524 bantur.
1204 5465 1257 5523 sed
1271 5465 1405 5536 qrtodnam
1425 5467 1451 5520 in
1468 5468 1553 5521 torum
1576 5463 1656 5519 luerit
1671 5477 1723 5517 nou
1739 5464 1867 5531 explicat,

1074 5555 1136 5597 cum
1158 5541 1184 5593 in
1202 5537 1316 5593 dirersis
1335 5536 1397 5591 olim
1414 5536 1579 5592 declamasse
1596 5535 1718 5590 rhetores
1736 5536 1867 5602 legantur.

1075 5610 1114 5665 lie
1132 5608 1248 5678 Traiano
1271 5606 1334 5662 licet
1352 5607 1487 5674 conjicere
1511 5622 1543 5662 ex
1568 5607 1601 5663 iis
1625 5621 1684 5676 quae
1708 5605 1869 5660 Fortunatus

1076 5679 1170 5739 scribit
1184 5680 1219 5736 de
1233 5677 1363 5751 poematis
1376 5677 1430 5734 illic
1445 5678 1530 5749 ipsius
1543 5685 1623 5735 aetate
1633 5679 1753 5736 recitatis
1765 5676 1811 5733 lib
1827 5689 1868 5747 ut,

1058 5802 1060 5808 Α
1075 5751 1155 5825 spltt.
1167 5751 1213 5810 et.
