3906 6180
162 279 214 334 ala

462 278 626 334 seruauit
647 278 693 334 itit
712 277 831 333 htulttls
852 280 893 332 tlh
912 276 1167 340 consolamenti
1187 276 1429 345 Ptiihustli‘ittiu.

1738 286 1793 337 ult
1809 307 1812 312 ·

162 397 247 466 magis
261 383 295 450 et
310 410 359 450 usu
381 395 507 463 loquendi
529 393 677 458 homiuum,
695 407 773 462 quarn
796 409 829 447 er
852 396 949 447 uirtute
963 395 988 454 Α
1002 383 1106 454 urbem',
1121 397 1148 442 et
1163 389 1296 443 civitatem
1318 387 1453 443 homiuum
1469 398 1496 443 ct
1510 387 1629 454 deorum,
1646 398 1673 444 el
1690 407 1791 446 urium-

161 486 235 542 rerhi
250 494 295 540 aut
309 500 370 540 veta
383 482 576 553 significatione
591 484 697 537 dicitur.
713 484 859 537 hericoni.

197 574 352 645 dilecturam]
373 574 490 629 hiieelus
511 574 607 629 dicitur
623 574 648 628 id
668 573 737 643 qood
752 572 837 629 Grmci
854 581 948 628 nocant

160 669 249 730 πάθος,
266 664 336 734 quod
351 666 434 718 nostri
450 663 529 718 hodie
549 662 635 734 ignari
647 663 783 718 Ciceronis
797 673 824 718 el
837 665 947 719 aliorum

160 767 298 810 auctorum
320 755 413 809 Latine
432 755 606 824 loquentium,
626 740 777 824 passionem
797 754 879 807 auiroi
899 770 946 809 ro-

160 856 231 900 caut.
249 845 296 898 Est
308 855 396 898 atttem
410 843 521 899 aiicctus
532 845 616 913 major
631 843 737 913 quidam
752 843 833 897 animi
849 854 946 910 motus,

160 933 286 989 desinens
309 933 417 988 tandem
436 949 443 986 a
463 948 524 986 nam
548 933 570 987 si
590 933 679 999 duret,
692 934 747 1002 jam
768 949 864 989 nomeu
884 935 948 990 aiie-

160 1033 219 1080 ctus
229 1023 337 1088 amittit,
349 1031 377 1078 et
388 1023 553 1078 consuetudo
562 1022 676 1078 dicetur.
689 1022 778 1092 itaque
789 1027 826 1078 ira
838 1024 948 1081 aiiectus

160 1122 212 1179 est,
236 1113 459 1169 iracundiorem
482 1114 649 1168 assuetudo:
665 1113 833 1193 aiiectionem
858 1125 947 1171 autern

160 1204 256 1262 Cicero
266 1205 343 1260 ioeat
354 1219 461 1259 omnem
477 1205 670 1273 permotionem
684 1221 738 1261 nou
753 1207 834 1260 aniuti
849 1209 946 1274 solum,

160 1297 208 1353 aed
221 1307 248 1352 et
261 1295 392 1365 eorporis,
412 1296 439 1349 id
459 1296 529 1364 quod
544 1295 677 1350 dialectici
694 1298 778 1351 nostri
793 1298 946 1367 dispositio-

160 1404 221 1446 nem
235 1397 331 1443 roesnt
348 1403 355 1440 :
373 1387 595 1455 quemadmodum
613 1387 684 1453 quod
705 1388 744 1442 iili
763 1388 881 1443 habitum
903 1406 949 1444 to·

158 1489 232 1550 cant,
242 1478 337 1534 melius
347 1477 577 1539 cousuetudinem,
588 1478 632 1532 rei
644 1492 732 1543 usum,
744 1480 784 1533 rei
799 1481 948 1535 assuetudi-

160 1587 221 1628 nem
241 1579 378 1634 vocarent,
393 1578 422 1624 ut
440 1570 475 1623 sit
496 1568 600 1624 aiiectio
622 1577 730 1634 tremor,
752 1571 796 1639 qui
819 1585 852 1626 ex
875 1581 947 1627 metu

160 1661 304 1732 provenit,
330 1658 474 1714 assuetudo
495 1674 559 1714 tero
579 1667 679 1715 tremor
699 1659 745 1730 qui
763 1676 795 1715 ex
815 1662 890 1743 senio
905 1663 946 1717 vei

160 1753 253 1807 morbo
266 1751 384 1805 relictus.
400 1750 547 1805 hericoni.

132 1893 137 1903 ,
195 1840 331 1911 inrubuit]
354 1840 406 1895 Per
418 1841 601 1910 metaphoram
612 1841 711 1897 dietum
726 1854 784 1909 est,
805 1845 886 1901 idest
904 1848 941 1900 iu-

160 1933 244 1988 rasit:
260 1932 369 2003 proprie
382 1933 453 1986 enim
475 1946 556 2002 super
569 1932 639 1988 aliud
649 1933 748 2002 iacere.
767 1935 854 2006 l'irg.:

238 2017 398 2076 incubuitque
409 2025 467 2065 toto

160 2095 304 2151 borreum.

197 2183 241 2238 tiu
253 2185 430 2256 uehementis]
442 2186 542 2241 Dimum
556 2199 596 2243 est
611 2189 644 2244 ad
657 2190 729 2247 iilam
741 2194 862 2263 figuram,
876 2199 946 2254 sieut

160 2280 282 2346 dicimus,
298 2296 357 2336 sum
368 2281 435 2336 lactae
450 2283 558 2338 mentis.
570 2284 696 2341 Ovidius:
816 2268 825 2288 '

236 2371 267 2421 Ει
279 2371 358 2431 mltos
368 2372 476 2422 melioris
485 2376 540 2425 eris.

161 2451 293 2522 habetque
305 2454 417 2524 gratiam
429 2467 483 2509 uon
495 2454 650 2513 indecoram
662 2458 706 2514 ilia
724 2459 810 2516 iorma
825 2463 943 2520 dicendi.

160 2542 304 2598 hericoni.

198 2633 320 2687 Neratium
335 2644 359 2689 te
371 2636 504 2700 ualidiora,
520 2637 586 2708 etei
599 2639 689 2709 Longe
699 2651 726 2696 et
740 2646 842 2700 cretum
859 2656 946 2703 traus-

160 2722 276 2777 iationes
301 2723 452 2792 conjunctae
476 2731 552 2792 sunt,
572 2736 600 2782 et
626 2744 710 2799 prope
734 2733 761 2786 iu
789 2736 944 2806 allegoriam

161 2812 272 2866 vertitur
285 2813 381 2868 oratio.
396 2817 540 2868 donicum.

195 2898 258 2955 Nou
270 2901 372 2971 quidem
390 2903 480 2970 palsas
498 2919 534 2971 es,
551 2906 595 2958 red
620 2907 751 2980 oberrasti]
767 2910 895 2981 Loquitur
911 2929 945 2970 er

159 2990 311 3046 Stoicorum
327 2996 470 3060 sententia,
486 2996 531 3063 qui
545 2998 619 3051 aiunt
634 3001 769 3056 homiuem
797 3005 945 3073 sapientem

1000 496 1132 550 quemque
1143 491 1262 536 nostrum
1278 480 1336 549 ejus
1351 480 1442 535 mundi
1462 495 1523 536 esse
1536 491 1647 550 partem.
1674 482 1747 538 idem
1764 485 1790 538 io

1002 570 1167 624 Paradoris:
1184 570 1253 624 tlors
1270 569 1396 625 terribilis
1410 579 1451 622 est
1467 571 1497 624 iis
1523 586 1636 640 quorum
1652 587 1715 626 eum
1735 575 1790 628 tria

1000 662 1091 719 omma
1115 663 1332 729 exstinguuntur,
1349 676 1401 715 nun
1422 662 1463 715 his
1491 668 1603 730 qnorum
1621 664 1678 720 iaus
1702 670 1790 722 etnori

999 764 1052 805 nou
1065 759 1161 818 potest.
1177 751 1306 805 Exsilium
1323 762 1411 806 autem
1424 752 1542 808 terribile
1554 755 1595 808 his
1604 757 1699 824 quibus
1712 759 1789 828 quasi

999 845 1217 913 circumscriptus
1240 855 1281 900 est
1304 845 1439 899 habitandi
1466 846 1563 913 loeus,
1591 863 1642 902 uon
1674 850 1716 905 his
1744 852 1790 920 qui

998 951 1105 992 oorrtem
1120 937 1213 992 orbem
1229 945 1360 991 terrarum
1376 951 1456 990 uuam
1485 937 1578 993 urbem
1600 953 1661 993 esse
1683 939 1787 995 dieunt.

998 1026 1070 1081 idem
1084 1026 1112 1080 in
1127 1025 1283 1081 Tusculanis
1296 1026 1493 1093 Quaestiotribm
1508 1045 1515 1081 :
1532 1029 1622 1098 ltaque
1633 1031 1666 1085 ad
1680 1047 1788 1088 omnem

998 1116 1129 1171 rationem
1141 1116 1237 1170 Teucri
1248 1130 1299 1171 uox
1314 1117 1510 1171 accornmodari
1530 1128 1631 1183 potest:
1644 1118 1732 1175 i‘atria
1748 1133 1790 1178 est

998 1186 1149 1275 ubieunque
1164 1215 1207 1261 est
1220 1206 1301 1261 bene.
1314 1207 1439 1262 Socrates
1452 1206 1559 1275 quidem
1574 1222 1635 1262 com
1649 1223 1789 1279 rogaretur

997 1299 1161 1364 culmensem
1188 1312 1249 1351 esse
1271 1298 1384 1363 diceret,
1399 1296 1561 1352 triundanum
1584 1299 1679 1369 iuquit.
1695 1301 1790 1356 Totius

997 1388 1071 1444 enim
1086 1390 1177 1444 mundi
1188 1406 1218 1445 se
1230 1391 1343 1445 incolam
1355 1401 1382 1446 et
1395 1393 1480 1447 ciuem
1495 1394 1685 1451 arbitrabatur.
1709 1398 1788 1452 Prae

998 1494 1056 1548 tter,
1068 1481 1188 1536 eruditus
1203 1490 1231 1536 et
1244 1481 1412 1538 Christianus
1427 1495 1523 1552 pocta:

1046 1573 1098 1621 Non
1111 1579 1194 1623 metuo
1207 1574 1330 1629 exsilium,
1344 1575 1447 1623 mundus
1462 1576 1547 1626 domos
1558 1580 1671 1628 omnibus
1680 1593 1726 1628 uua
1740 1589 1787 1630 est.

998 1652 1078 1708 hirus
1094 1655 1252 1709 Ambrosius
1267 1658 1292 1708 iu
1308 1656 1324 1711 6
1338 1658 1417 1724 epist.
1432 1676 1437 1710 :
1456 1659 1622 1730 Quocunque
1644 1666 1789 1719 accesserit

961 1747 985 1806 Β
997 1742 1112 1812 sapiens,
1129 1743 1225 1812 ubique
1235 1744 1300 1798 ciris
1311 1755 1363 1809 est,
1375 1747 1472 1815 ubique
1484 1764 1532 1802 stra
1548 1751 1637 1804 onmia
1650 1754 1787 1824 intelligit,

996 1847 1127 1901 nusquam
1140 1848 1169 1887 se
1186 1836 1364 1904 peregrinum,
1381 1853 1510 1906 nusquam
1526 1839 1658 1909 hospitem
1672 1844 1785 1913 judicat.

995 1920 1194 1991 Theophrastus
1204 1923 1514 1983 diceresoiehatdoctum
1524 1929 1669 1999 homiuem,
1682 1951 1715 1990 er
1728 1951 1787 1995 om·

996 2012 1074 2068 nibus
1087 2013 1184 2079 solum,
1200 2016 1318 2082 nequein
1334 2017 1428 2072 alienis
1443 2020 1508 2075 loeis
1527 2023 1693 2093 peregrinum
1714 2042 1786 2094 esse,

997 2118 1083 2172 neque
1093 2104 1198 2173 inopem
1212 2106 1369 2163 amicorum.
1382 2109 1463 2164 ilctns
1478 2111 1598 2182 adagium
1611 2124 1652 2169 est
1664 2133 1669 2168 :
1679 2115 1786 2182 Quaeris

997 2199 1066 2245 terra
1079 2195 1173 2260 patria,
1186 2210 1238 2263 quo
1246 2196 1421 2252 admonemur
1435 2200 1520 2254 virum
1535 2207 1679 2271 sapientem
1693 2221 1726 2261 ae
1738 2207 1785 2261 bo-

996 2297 1070 2347 num,
1086 2281 1356 2353 ubieunquegentium
1364 2289 1467 2354 uixerit,
1477 2291 1580 2346 leiicem
1591 2296 1746 2350 esseilvid.
1758 2299 1785 2352 in

997 2368 1082 2423 Testis
1095 2386 1102 2421 ε
1391 2394 1393 2398 ’

1057 2460 1136 2508 Omne
1146 2458 1223 2508 solum
1236 2460 1289 2510 lorti
1302 2465 1377 2522 patria
1390 2473 1436 2523 est,
1451 2474 1477 2515 ut
1491 2471 1597 2535 qtisclbns
1609 2484 1705 2533 aequor.

996 2538 1121 2608 Papinius
1133 2539 1160 2594 in
1174 2540 1310 2597 Thebaide
1322 2562 1329 2596 ε

1062 2630 1140 2681 Omne
1152 2632 1244 2681 homiui
1257 2636 1338 2685 ualde
1350 2637 1437 2688 stilum.

1034 2712 1065 2766 ut
1074 2715 1246 2786 intercalare
1259 2735 1309 2771 nou
1322 2719 1385 2790 esse]
1402 2721 1429 2774 id
1451 2733 1491 2776 est
1506 2739 1557 2776 nott
1574 2725 1656 2780 licere
1670 2728 1694 2783 ei
1705 2743 1784 2784 exso·

997 2802 1049 2858 iern
1062 2819 1191 2872 essessa
1205 2809 1258 2877 pati
1274 2810 1408 2864 exsilium.
1421 2812 1479 2867 ileo
1492 2814 1593 2882 judicio
1606 2819 1729 2874 exsulare
1741 2820 1783 2875 hie

997 2896 1106 2950 verbum
1122 2908 1171 2961 est,
1189 2890 1292 2954 tametsi
1306 2917 1384 2957 secus
1397 2903 1495 2958 sentiat
1506 2906 1638 2975 Agricola.
1656 2910 1745 2966 Potest
1756 2923 1783 2967 et

997 2988 1036 3038 sie
1053 2989 1162 3051 erponi,
1182 2989 1225 3056 ius
1240 2991 1372 3058 exsulare,
1393 2992 1443 3047 hoc
1456 3006 1498 3049 est
1517 2996 1561 3065 jus
1580 3000 1740 3069 exsulandi,
1756 3012 1783 3057 ot

130 3124 134 3132 .
160 3079 268 3135 ciuitate
278 3080 375 3150 depelli
389 3097 442 3137 uon
458 3098 548 3151 posse,
562 3087 612 3140 nisi
627 3089 683 3155 ipse
697 3093 783 3158 pranis
793 3097 980 3164 cupiditati-c
998 3079 1066 3146 ΨΜ
1084 3079 1220 3132 ”Milium
1236 3099 1241 3131 ²

159 3171 211 3227 bus
226 3171 310 3228 rictus
323 3173 429 3229 aberret
447 3175 482 3230 ab
496 3190 538 3232 ea.
554 3178 648 3235 Cicero
663 3182 688 3234 iu
708 3182 852 3242 Paradoris
870 3205 878 3244 ι
893 3191 943 3245 Sa-

159 3261 257 3330 pientis
271 3263 377 3318 artimus
395 3266 578 3334 magnitudino
599 3273 716 3341 consilii,
735 3274 877 3333 tolerantia
901 3298 944 3336 re-

159 3363 218 3404 rum
233 3350 415 3417 humanarum,
428 3358 652 3425 contemplatione
664 3360 787 3432 iortonoe,
802 3370 943 3425 virtutibus

161 3435 279 3507 denique
291 3440 414 3495 omnihus
430 3450 458 3496 nt
472 3448 606 3502 moenihus
618 3459 712 3519 septus
724 3455 847 3513 vincetur
858 3470 886 3516 et
897 3476 943 3517 et·

159 3527 328 3598 pugnabitur,
341 3530 386 3600 qni
401 3546 434 3587 ne
447 3535 556 3590 civitate
570 3539 677 3607 quidem
688 3537 750 3613 pelli
766 3552 872 3614 potest?

1270 3170 1378 3235 Tempus
1387 3177 1453 3225 abire
1464 3179 1506 3227 tihi
1517 3194 1523 3238 ;

1150 3243 1153 3247 ’
1227 3254 1251 3307 id
1262 3263 1413 3324 esttempns
1428 3260 1552 3315 abeundi.

1267 3343 1300 3397 ΙΝ
1319 3345 1461 3401 metuunt
1483 3349 1527 3403 tt·

1030 3425 1093 3480 Cam
1107 3425 1299 3502 elalamoth]
1322 3433 1436 3488 Caruteu
1453 3436 1502 3490 hoe
1514 3453 1546 3491 er
1568 3441 1780 3506 precedentibus

995 3520 1112 3582 pooiet:
1137 3518 1199 3586 quia
1225 3519 1296 3573 euim
1318 3523 1441 3588 praedixit
1469 3523 1640 3595 Philosophia
1660 3531 1730 3587 terte
1752 3551 1784 3589 se

194 3618 265 3673 ,Am
285 3616 320 3680 εἷς
342 3621 556 3696 mamm,
579 3627 614 3691 ‘fc
637 3636 675 3687 m,
721 3635 765 3706 ος]
784 3639 846 3695 Haec
863 3645 942 3701 verba
995 3602 1109 3672 primum
1125 3607 1358 3666 maiaetdolores
1380 3612 1463 3668 iioetii
1484 3617 1634 3673 mitioribus
1655 3625 1782 3679 remediis

159 3715 223 3761 sunt
243 3708 427 3780 inereropiari
453 3716 523 3782 quod
540 3656 858 3783 doetissimptisvctesarius
878 3735 943 3789 mihi
995 3693 1111 3762 'mmm’
1128 3706 1156 3750 ¹¹¹
1168 3699 1207 3752 ⁸³⁰
1221 3698 1359 3755 d03¹¹¹¹⁰³d
1375 3705 1478 3758 ²⁰¹i⁰l³
1499 3707 1677 3763 medicamina
1689 3715 1780 3781 perci·

157 3797 346 3853 commodavi,
362 3800 574 3871 mmmmm
585 3820 674 3863 amem
685 3812 733 3866 sic·
746 3815 798 3871 sed
814 3834 882 3874 unus
894 3838 940 3878 m
994 3784 1089 3852 pientia
1102 3787 1189 3855 aptior
1201 3789 1287 3845 lieret.
1310 3793 1336 3845 in
1351 3793 1402 3847 huc
1412 3796 1529 3852 carmine
1544 3799 1626 3868 uelut,
1642 3810 1778 3858 communi

157 3890 211 3948 w,
225 3899 294 3941 unus
309 3885 447 3945 Dominus·
459 3890 595 3948 „ubemur
608 3905 636 3950 e,
651 3899 690 3953 δὴ
712 3901 739 3956 in
753 3905 848 3961 eodem
872 3925 943 3966 mar·
994 3875 1107 3942 quadam
1118 3880 1261 3945 sententia,
1277 3883 1431 3938 ostenditin
1448 3887 1571 3942 omuibus
1585 3890 1666 3944 rebus
1678 3893 1714 3945 ita
1732 3893 1781 3946 de·

156 3971 220 4038 ‘ine
242 3976 459 4043 ascr59,3,·ffi
469 3976 504 4044 εἷς
528 3985 642 4061 mim&
658 3986 727 4046 ἔστιν
755 3990 790 4054 ἇς
803 3997 910 4068 βασιλεῦ
935 4020 940 4032 ,
993 3962 1057 4019 bere
1073 3964 1141 4031 lieri,
1158 3976 1186 4020 ut
1200 3970 1383 4039 quodquesuo
1397 3984 1516 4045 tempore
1536 3994 1696 4051 peragatur:
1708 3985 1779 4054 qood

157 4046 293 4126 sedeam
317 4065 443 4124 dominus
466 4079 518 4134 est,
535 4088 603 4127 unu,
627 4091 684 4132 m·
704 4032 738 4133 'n’
750 4083 860 4151 epistola
879 4026 942 4144 ὦ
992 4052 1015 4106 si
1039 4063 1100 4108 ante
1123 4063 1228 4125 tempus
1243 4059 1415 4125 festinemus,
1433 4068 1474 4121 tei
1489 4076 1566 4122 extra
1581 4077 1685 4137 tempus
1700 4087 1780 4127 cone·

58 4200 63 4207 .
155 4149 937 4256 Ειιίΰοιιιίιιίιιιοιιὶιιιι,Εἷςκοίρανοςι”στω,ιῖςβασιλιύςι
986 4144 1174 4291 ’ΜἮἚἾΠῙΦ
1189 4146 1285 4294 [ΝΙἛ
1311 4155 1481 4274 wasme
1502 4157 1596 4213 mecm
1611 4160 1779 4216 nmmum

156 4239 232 4298 ilnns
245 4242 424 4357 dominussit,
442 4265 577 4306 unusrex.
599 4257 722 4325 agricola
738 4276 803 4317 vero
824 4265 894 4322 launo
913 4270 939 4323 in
991 4246 1062 4378 {ZZZ
1080 4343 1086 4355 ,
1106 4245 1258 4383 :32:ss
1287 4247 1779 4407 mugitu'qgffig'geiilihzuticczhesgr'rs

154 4334 941 4516 :1³2angffisstrzfzutffie‘cfflaufi'ffiz‘shssapssgffielt'ss
953 4458 981 4518 D
991 4414 1111 4482 spondeo
1126 4418 1152 4472 et
1166 4418 1269 4475 duobus
1289 4423 1412 4495 dactylis.
1431 4429 1499 4483 nteit
1513 4436 1557 4499 qul
1576 4435 1625 4500 p'er'
1644 4445 1777 4500 aestatem,

154 4509 254 4583 inquit:
991 4517 1051 4558 cum
1066 4507 1155 4561 omnia
1175 4508 1278 4565 iernent
1291 4514 1433 4581 caloribus,
1463 4535 1552 4575 serere
1574 4525 1655 4591 volet,
1679 4528 1777 4582 trustra

223 4605 376 4677 fflggyoegg,
390 4608 576 4688 pompm,
587 4613 622 4677 ,ἴς
632 4623 747 4696 κοίρανος
764 4623 831 4682 ..στω
990 4595 1108 4663 sperabit
1122 4613 1236 4654 messem
1255 4617 1264 4656 τ
1279 4604 1318 4658 sie
1330 4608 1409 4659 eliam
1423 4623 1470 4676 per
1490 4612 1605 4668 triennem
1620 4617 1703 4671 motas
1723 4633 1777 4671 ⁰0..

222 4690 409 4768 Βῑςρασὼύμ
834 4667 841 4693 ’
989 4698 1049 4738 ease
1063 4685 1196 4754 legendas,
1212 4705 1262 4744 nec
1273 4707 1337 4746 uvas
1346 4696 1509 4763 colligendas
1525 4716 1602 4765 rere3
1619 4703 1689 4758 iiens
1701 4707 1775 4761 enim

29 4760 32 4767 ·
84 4816 91 4827 .
152 4783 179 4838 id
193 4794 245 4852 ω,
266 4790 430 4848 'umbonum
453 4798 596 4854 munorum
610 4801 779 4874 domimum
797 4826 864 4867 unus
887 4804 936 4870 do·-
989 4773 1112 4827 omnibns
1124 4775 1204 4831 rebus
1218 4787 1337 4847 tempora
1348 4798 1395 4836 stra
1410 4784 1494 4853 dedit,
1510 4804 1569 4860 qum
1591 4787 1636 4861 qui
1663 4810 1716 4847 non
1731 4810 1772 4849 sc-

150 4875 724 4965 tuinussit,unusrex,quod(utPhiiippo
735 4898 935 4976 Beroaldopqa,
988 4872 1094 4930 quetttr,
1124 4879 1176 4919 non
1202 4867 1309 4922 habebit
1328 4872 1416 4927 iactum
1440 4878 1518 4933 linem
1539 4895 1627 4935 rerum
1651 4899 1772 4938 suarum,

150 4964 204 5033 eet)
219 4980 272 5022 uno
286 4983 365 5024 terso
378 4972 417 5027 sic
427 4975 501 5031 reddi
514 4989 619 5049 potest,
988 4953 1133 5008 Ᾰιιιΰθῑι·

129 5070 131 5074 ·
225 5057 278 5107 iton
289 5072 351 5121 opus
361 5065 476 5126 etmulti,
488 5070 533 5119 ced
543 5074 656 5137 princeps
665 5078 773 5140 imperet
783 5096 856 5142 onus,

1022 5043 1086 5097 Cum
1101 5044 1189 5103 Phoebi
1199 5052 1279 5107 radiis
1296 5068 1383 5124 graue,
1397 5059 1462 5131 ete]
1491 5063 1587 5118 Totum
1608 5069 1773 5136 periphrasis

225 5116 278 5167 iiex
289 5133 358 5171 uuus.

148 5195 293 5255 Possumus
304 5211 332 5258 et
344 5204 384 5259 sic
398 5207 522 5275 reddere,

220 5289 275 5401 Ibligo
287 5291 491 5404 minuitatem
501 5300 642 5366 dominatio,
654 5308 815 5373 altecomus,
827 5317 860 5365 sit

181 5449 243 5507 Tute
251 5455 370 5528 ιιιιιιιιιι]
385 5458 676 5541 (litigatissapientum.
691 5471 785 5529 Cicero
806 5477 833 5532 in
854 5494 881 5532 m

146 5533 232 5595 Tiuih.
245 5540 280 5599 de
289 5542 386 5601 Stoicis
396 5547 454 5606 hac
469 5552 549 5607 tradit
560 5572 568 5609 ε
578 5555 705 5616 ιιιιιιιιιιιιι
716 5571 802 5620 autem
818 5581 880 5625 eens

145 5626 199 5694 regi
209 5631 318 5693 nomiae
333 5633 454 5708 deorum,
470 5655 654 5713 eumqueesse
667 5652 743 5718 quasi
754 5666 923 5715 conrntuuem

985 5143 1036 5198 est,
1052 5136 1077 5190 id
1092 5145 1134 5191 est
1146 5139 1347 5202 circumlocutio
1361 5152 1471 5206 ostatis.
1482 5156 1624 5210 hericourt.

1020 5222 1131 5296 Cancri]
1155 5228 1258 5286 Cancer
1283 5247 1324 5291 est
1350 5239 1453 5308 signum
1475 5245 1597 5313 eoeieste,
1621 5247 1648 5300 in
1662 5253 1769 5317 quosoi

982 5321 1075 5366 aestate
1103 5314 1164 5370 iacit
1190 5322 1344 5391 solstitium,
1372 5345 1424 5399 quo
1449 5346 1569 5403 tempore
1589 5338 1769 5398 fervidissima

980 5409 1058 5454 aestas
1071 5413 1120 5456 est.
1136 5407 1281 5467 hoorooct.

896 5481 928 5536 de
1016 5487 1190 5564 hagahuem]
1214 5495 1316 5567 Negare
1336 5507 1432 5563 dicitur
1448 5523 1473 5566 et
1485 5514 1573 5570 verbis
1589 5517 1718 5588 abnuere,
1737 5531 1767 5574 ut

882 5580 928 5625 eul
978 5580 1087 5636 Terent.
1103 5583 1130 5634 in
1145 5583 1274 5644 Eunucho
1287 5611 1294 5646 ε

1038 5673 1087 5735 ait,
1097 5675 1134 5723 aio
1144 5689 1151 5734 ;
1162 5685 1244 5739 uegit,
1257 5696 1329 5747 nego.
1352 5656 1361 5669 ⁰
