3906 6180
803 333 859 388 AN.
880 329 987 386 llANL.
1006 327 1084 384 sut.
1105 327 1262 387 rosulas.
1794 321 1848 382 sol

432 448 790 522 00100000000000,
1018 444 1130 513 Aqrsusi
1141 442 1307 514 sinqulariter
1322 440 1420 496 uidetur
1440 439 1554 510 palmata
1575 438 1702 509 00000000.
1721 437 1795 494 Venit
1815 441 1849 493 ad

215 560 350 602 mamurra
362 559 432 600 asro
442 557 561 606 aorooaa
574 557 670 597 uocrro
680 557 713 596 aa
725 554 812 595 aaran
826 553 930 593 cantsrr
942 537 1003 593 500.
1057 550 1097 589 00
1106 535 1222 604 equidem
1235 534 1319 605 partio
1333 533 1365 586 de
1379 531 1478 596 curuli,·
1505 530 1551 584 sed
1579 531 1601 584 si
1624 530 1688 584 mihi
1702 532 1848 598 conceditis,

251 636 402 692 Priscianus
417 634 625 700 Grammaticus,
646 633 731 702 patria
755 629 941 692 Caesariensis,
964 628 1005 682 air
1057 627 1116 697 plur
1134 627 1217 697 eriqor
1231 627 1263 680 de
1278 624 1351 697 qetsio
1366 631 1389 678 00
1401 622 1493 677 studiis
1504 623 1643 677 sublimati.
1660 620 1794 676 interdum
1806 640 1852 677 ac·

216 742 268 783 000
282 727 367 779 solum
378 724 405 780 in
420 721 603 792 grammaticis
614 731 640 775 et
651 720 804 781 rhetoricis,
818 718 1004 773 verumetiam
1058 726 1184 774 auserunt
1204 718 1253 771 ista
1266 717 1297 770 de
1310 715 1420 779 casibus,
1436 715 1486 768 soti
1508 715 1667 783 conriqerunt
1688 713 1734 766 illa
1752 715 1849 769 uirtuti.

215 819 242 872 in
253 814 444 885 philosophicis
455 813 705 880 mathematicisque
719 809 924 873 versatissimus,
938 808 1006 863 libro
1057 806 1145 879 Prope
1157 809 1230 878 inops
1246 807 1280 860 ad
1299 806 1440 875 scipionem
1453 804 1590 858 adducitur
1604 801 1720 871 suffraqii
1734 806 1852 862 consula·

216 907 251 961 do
262 904 429 960 Ponderibus
442 913 470 958 ct
482 902 623 966 Mensuris,
634 899 749 962 Boetius,
763 898 858 968 inquit,
873 897 1007 965 probitatis
1057 899 1106 966 ris,
1121 900 1166 970 qai
1181 897 1323 951 00000000
1335 896 1481 967 parentibus
1494 894 1629 965 qloriatar.
1647 893 1706 947 Tibi
1718 903 1853 962 utrumque

215 1002 238 1049 el
253 995 365 1049 omniunt
379 993 543 1047 scientiarum
562 993 676 1045 uerticem
690 991 783 1061 ottiqit.
1057 989 1195 1060 inperalia
1210 997 1258 1054 est,
1271 988 1384 1042 latioris
1399 987 1517 1052 scientia,
1532 995 1556 1040 et
1570 1002 1633 1039 0000
1649 1001 1831 1056 purpurarum.

437 1081 577 1139 SEAthl
592 1081 779 1146 seculum,
1442 1078 1474 1133 ll.

357 1190 468 1231 ataraaa
489 1190 520 1228 aa
539 1188 608 1228 sano
621 1173 672 1228 500
686 1189 719 1226 so
739 1188 782 1226 su.
803 1171 865 1226 600.
1093 1170 1278 1238 Cassiodorus,
1291 1169 1336 1240 qui
1350 1169 1555 1240 intelligentiam
1574 1183 1713 1224 sacrorum
1727 1183 1787 1223 cum
1804 1184 1851 1224 no·

253 1262 402 1330 Enaodias,
431 1265 487 1320 siae
514 1274 543 1320 at
566 1263 723 1333 quibasdam
749 1263 856 1331 legitur,
877 1261 1006 1329 Erodias,
1058 1262 1133 1319 tione
1153 1263 1338 1332 profanorum,
1353 1269 1494 1331 utramque
1511 1276 1572 1316 oum
1588 1275 1693 1315 samma
1711 1262 1852 1316 sanctitate

217 1357 358 1429 episcopus
369 1354 528 1421 Ticincnsis,
540 1353 580 1408 rir
590 1369 650 1407 cam
662 1353 753 1407 stricta
767 1360 821 1406 tum
832 1353 911 1407 etiarn
921 1352 1007 1407 solata
1058 1355 1207 1426 conjunxit,
1222 1355 1331 1410 nomine
1351 1355 1424 1423 reqis
1438 1351 1607 1420 Theoderici,
1628 1353 1706 1422 crrjrrs
1723 1353 1851 1407 comella·

217 1447 339 1502 oratione
352 1459 399 1499 arra
410 1444 583 1507 clarissimus,
600 1442 669 1496 libro
689 1443 804 1512 septimo
822 1442 1005 1511 epistolarum,
1058 1448 1113 1502 0000
1125 1456 1193 1515 orat,
1210 1449 1300 1517 plures
1314 1446 1347 1501 ad
1362 1446 1484 1502 Boetium
1501 1447 1575 1501 misit
1592 1446 1730 1516 epistolas.
1745 1446 1800 1500 Una
1811 1455 1853 1502 ost

218 1537 331 1609 epistola
346 1536 448 1591 decima
463 1536 541 1590 tertia
556 1536 657 1589 Boetia.
673 1534 721 1596 Tu,
733 1535 828 1603 inquit,
841 1536 914 1589 inme
924 1551 1008 1589 emen·
1058 1539 1263 1610 quadragesima
1275 1539 1368 1609 quinta
1383 1538 1444 1594 libri
1464 1539 1541 1610 primi
1554 1538 1724 1608 epistolarum
1746 1537 1853 1594 Cassio·

219 1626 349 1681 datissime
364 1625 505 1690 bominum,
522 1625 638 1694 diqnaris
647 1624 785 1689 predicare
801 1625 917 1687 uirtutes,
936 1640 1008 1693 quem
1059 1629 1128 1696 dori,
1144 1631 1236 1699 sicque
1246 1629 1376 1685 effertur:

219 1716 247 1772 in
269 1717 342 1771 astruis
364 1715 504 1786 puerilibus
519 1715 573 1769 sinte
595 1715 676 1789 etatis
700 1715 862 1785 praejudicio,
880 1714 1007 1768 industria
1095 1720 1183 1776 Baetin
1194 1722 1249 1774 aino
1263 1719 1359 1774 illustri
1371 1717 1488 1772 Patricio
1501 1716 1670 1773 Theodericus
1684 1735 1745 1773 rea:

216 340 269 397 aaa

220 1810 280 1882 fecit
294 1810 427 1880 antiquum
442 1824 452 1862 .·
465 1808 509 1879 qui
522 1824 566 1878 per
580 1809 738 1881 diliqentiom
753 1808 843 1878 imples
857 1809 1007 1876 00000000
1022 1811 1046 1871 Β
1094 1813 1246 1885 spernenda
1261 1828 1311 1867 non
1325 1822 1395 1877 sont,
1409 1827 1467 1881 000
1482 1829 1497 1865 0
1511 1811 1601 1864 uicinis
1610 1813 1709 1884 reqibus
1728 1828 1853 1879 prasum-

220 1901 319 1972 eoqitnr
327 1917 337 1969 ,·
351 1902 393 1955 cui
406 1901 472 1954 inter
483 1900 542 1954 uitae
553 1899 658 1953 exordia
669 1898 746 1954 laedas
763 1907 799 1953 est
818 1898 932 1954 lectionis
947 1902 1011 1955 arsi·
1063 1909 1156 1978 ptionis
1167 1907 1251 1978 qratia
1266 1894 1449 1972 postulantur:
1472 1905 1535 1957 dunt
1550 1905 1701 1976 plerumque
1714 1921 1755 1958 res
1768 1921 1853 1974 parnas

221 1990 317 2057 duitas,
335 2000 358 2045 00
369 1991 467 2046 delicie
480 1990 678 2045 sudoralienus.
696 1987 727 2044 ln
738 1993 813 2058 cujus
833 1991 949 2045 manibus
965 1992 1013 2045 du·
1062 2001 1121 2066 plus
1134 1997 1271 2067 proeoaient
1297 2005 1434 2066 proestare,
1449 2013 1525 2065 quam
1549 2011 1648 2067 00000
1670 2003 1775 2066 poseant
1789 1995 1853 2049 obri.

221 2081 316 2152 plicato
332 2082 390 2153 ique
407 2081 507 2147 rutilat,
524 2097 574 2152 qua
596 2091 690 2135 ueteres
713 2081 768 2148 sace
783 2079 918 2148 [ulserrtnt.
943 2080 1013 2135 Nom
1062 2088 1236 2143 0000000000,
1254 2084 1413 2157 Frequenter
1432 2087 1500 2140 enlm
1514 2085 1664 2152 quodquam
1686 2087 1789 2156 explere
1807 2101 1854 2140 pe.

221 2175 291 2243 quad
312 2175 353 2230 uic
366 2175 507 2247 majoribus
527 2175 596 2228 circo
613 2173 797 2228 extremitatem
814 2174 873 2227 uitat
894 2174 1010 2244 contiqit,
1062 2189 1168 2249 queunt,
1187 2176 1354 2231 oblectamina
1367 2177 1497 2231 suauitatis
1518 2175 1664 2247 imponunt.
1678 2175 1720 2230 Sit
1735 2191 1791 2246 erqo
1807 2192 1854 2246 000

223 2252 271 2322 000
285 2268 328 2322 tibi
338 2269 453 2323 abundat
466 2270 491 2323 in
505 2268 601 2322 limine.
1062 2271 1193 2343 republica
1207 2279 1230 2323 et
1243 2284 1300 2321 cum
1320 2268 1407 2322 ludere
1419 2268 1544 2321 oidenrnr.
1561 2266 1695 2321 Numideo
1705 2268 1854 2336 voluptuosa

259 2359 387 2429 Ejusdem
402 2359 533 2428 episcopi,
548 2357 618 2413 libro
632 2343 727 2414 000000
751 2358 934 2429 epistolarum,
956 2361 1013 2427 epi·
1063 2361 1212 2432 queritans,
1227 2367 1255 2412 ut
1269 2376 1313 2429 per
1325 2358 1393 2429 ipsa,
1409 2358 1476 2412 seria
1490 2358 1669 2425 compleamus.
1689 2355 1854 2426 000000000-

222 2449 291 2506 stola
302 2450 386 2518 prima
397 2448 483 2505 cidem
499 2449 593 2505 Raetia
612 2451 727 2505 consuli‘
737 2450 819 2506 tacto.
837 2450 948 2521 Optima
959 2453 1014 2521 spei
1063 2465 1120 2502 000
1131 2451 1215 2518 itaque
1225 2448 1372 2500 dontinuso
1388 2448 1459 2501 scobis
1478 2463 1633 2515 maqaopere
1655 2448 1804 2513 postulauit,
1827 2457 1855 2499 nt

225 2539 325 2617 pientes,
342 2541 438 2612 inquil,
449 2542 490 2595 cui
509 2545 608 2611 000000
618 2543 704 2612 cupio,
719 2542 754 2595 ad
768 2559 857 2597 curam
870 2544 945 2613 officii
960 2546 1014 2613 epi·
1064 2535 1236 2610 horoloqium,
1249 2537 1318 2607 0000
1331 2537 1403 2605 aquis
1431 2536 1476 2589 sub
1496 2537 1599 2590 modulo
1614 2537 1747 2606 pluentibus
1761 2547 1855 2607 tempe·

224 2632 327 2687 statoris
338 2633 435 2703 aspiro.
452 2631 528 2686 Decet
539 2632 606 2684 enim
616 2633 704 2687 uestris
718 2633 830 2704 fascibus
849 2634 898 2687 000
918 2635 1013 2705 prusa·
1063 2640 1147 2694 ratur,
1159 2637 1183 2682 00
1195 2628 1264 2697 0000
1278 2628 1339 2684 solis
1349 2629 1467 2682 immensi
1480 2629 1659 2699 comprehensa
1669 2629 1855 2683 illuminatione

225 2720 296 2776 tione
309 2720 416 2775 delibari
426 2738 436 2786 ,·
448 2730 472 2774 00
484 2722 550 2775 inter
562 2737 690 2792 purpuras
708 2723 861 2790 possessoris
883 2723 937 2777 luce
960 2739 1013 2777 cre·
1064 2722 1242 2792 distinquitur,
1255 2736 1313 2773 carn
1335 2720 1464 2790 maqistris
1479 2735 1574 2786 000000,
1589 2721 1613 2773 ei
1631 2722 1800 2775 trorumitterc
1815 2724 1855 2775 ds·

224 2822 330 2878 scentes,
341 2813 508 2883 qualicunque
522 2829 573 2866 non
594 2811 721 2867 obstinere
736 2811 873 2882 colloquio.
888 2813 1014 2883 Numquid
1064 2813 1189 2865 berennus.
1222 2811 1353 2877 Quatenus
1384 2809 1527 2879 impetratis
1555 2809 1766 2866 delectationibus
1798 2828 1855 2881 per-

226 2906 305 2961 solius
316 2906 439 2958 doctrine
451 2904 578 2970 beneficiis
593 2921 666 2958 amor
677 2905 835 2976 apamenus,
848 2922 893 2959 nec
909 2907 949 2977 [as
962 2921 1015 2962 esse
1065 2902 1186 2972 fruendo,
1208 2901 1276 2971 qaod
1288 2901 1359 2955 nobis
1369 2910 1405 2954 est
1418 2902 1604 2970 quotidianum,
1615 2902 1666 2956 illis
1678 2903 1793 2957 uideatur
1802 2920 1856 2958 esse

225 2993 380 3050 credendum
395 3002 442 3060 est,
458 2995 561 3065 prodire
575 2994 602 3049 r'n
616 2995 727 3048 medium
744 2995 870 3049 desideria
890 2997 1015 3050 rnstican·
1065 2996 1229 3050 miraculum.
1253 2993 1344 3048 llerito
1357 2994 1378 3049 si
1393 2994 1494 3065 quidem
1508 2995 1632 3064 respicere
1649 2996 1769 3064 cupiunt,
1785 2997 1856 3063 qaod

226 3085 281 3141 tt'sl
305 3084 453 3156 Simplicius
473 3085 633 3139 innotescant
652 3095 709 3140 0000
732 3086 805 3139 nullo
818 3085 916 3155 peritior
932 3085 1015 3140 uelato
1066 3087 1207 3159 leqotorunr
1219 3102 1323 3140 suorum
1349 3085 1516 3140 relationibus
1538 3086 1725 3157 obstupescunt.
1744 3083 1803 3139 Hoc
1818 3097 1853 3150 tc,

225 3176 365 3248 prestiqio.
379 3173 450 3246 Erqo
461 3191 508 3228 nos
518 3175 566 3229 000
578 3191 667 3230 sumas
681 3191 734 3242 ore,
748 3177 816 3247 quod
827 3186 937 3247 pectore.
953 3177 1013 3233 Non
1027 3164 1050 3228 C
1066 3179 1147 3232 multa
1170 3177 1311 3231 eruditione
1324 3177 1469 3247 soqinatuus
1481 3220 1488 3245 ,
1501 3177 1538 3229 ita
1562 3193 1636 3232 nosse
1657 3176 1804 3239 didicimus,
1827 3186 1855 3232 at

225 3285 313 3324 000000
326 3269 526 3338 praecordiorum
543 3268 685 3335 delenilicis
700 3284 835 3336 passumus
848 3279 946 3324 scrutare
960 3286 1015 3324 rer·
1066 3278 1143 3335 artes,
1154 3287 1218 3339 quas
1230 3278 1345 3324 00000000
1359 3269 1495 3341 aulqariter
1509 3270 1657 3335 nescientes,
1667 3270 1695 3324 in
1709 3271 1765 3340 ipso
1779 3270 1856 3324 disci·

225 3359 351 3415 monibus.
380 3359 484 3413 Pudens
511 3358 630 3412 laudator
649 3368 696 3422 est,
718 3362 759 3412 cui
774 3361 801 3413 in
815 3361 1012 3415 concinnatione
1066 3361 1195 3435 plinarunr
1209 3362 1278 3433 [onte
1291 3362 1425 3431 putareris.
1439 3359 1484 3415 Sic
1494 3362 1561 3414 enirn
1576 3361 1768 3416 Atheniensium
1779 3364 1854 3417 scho-

225 3442 393 3506 blandimenti
407 3450 516 3503 dicendo
530 3465 598 3504 mens
614 3451 738 3523 00000000.
754 3450 808 3505 Deo
823 3468 882 3522 erqo
896 3453 1014 3524 omnipo·
1066 3453 1105 3507 los
1118 3452 1193 3523 lonqe
1205 3451 1303 3523 positus
1323 3452 1453 3515 introisti:
1467 3452 1504 3505 sic
1527 3451 1690 3520 palliatorum
1704 3455 1788 3508 choris
1805 3456 1855 3508 mi·

226 3542 406 3611 tentiqratias,
420 3539 504 3610 quiin
518 3541 598 3602 uobis,
615 3541 676 3594 dunt
698 3551 780 3595 stetero
805 3541 912 3612 [omiliae
927 3552 1016 3597 uestrae

226 3633 290 3688 bonu
303 3632 425 3695 custodit,
441 3647 505 3685 0000
519 3630 672 3702 multiplicat
684 3648 694 3696 ,·
705 3641 728 3684 00
741 3636 809 3702 quod
823 3635 881 3704 plus
893 3644 931 3689 est
943 3635 1016 3702 apice

226 3724 369 3796 diqnitatis,
384 3723 474 3794 diqnos
485 3723 548 3791 facit
559 3738 612 3777 csse
626 3723 790 3793 culminibus.
810 3725 939 3780 Redditur
956 3730 1014 3798 qui·

225 3816 283 3869 0000
296 3823 383 3868 oestroe
399 3815 482 3886 qloria
499 3814 549 3868 isto
572 3815 677 3885 oriqiai,
704 3816 748 3870 sed
772 3818 839 3885 quod
855 3827 892 3872 est
906 3818 1013 3885 clarius,

225 3904 313 3959 attrito
325 3904 475 3975 impetrante
484 3919 607 3972 persone.
626 3901 718 3958 Fuerit
733 3907 759 3960 in
772 3922 867 3961 nearent
880 3909 1014 3975 treberibus,

224 3996 351 4065 curalium
361 3996 536 4050 celsitudinem
546 3995 853 4066 canopisudorentercori,
870 4009 893 4054 et
904 4011 1015 4054 contens·

225 4095 271 4157 ptu
285 4086 348 4139 lucis
362 4085 490 4140 horrorum
504 4085 560 4140 luce
572 4087 690 4158 sulqere5
704 4088 748 4141 sed
761 4089 834 4142 aliud
845 4106 923 4158 qenus
937 4092 1016 4145 ristu-

226 4178 259 4233 lis
272 4180 404 4248 queritur,
420 4188 554 4248 postquam
568 4179 701 4246 premium
715 4183 783 4248 [acto
795 4188 831 4235 est
844 4181 927 4235 lionm
939 4183 1017 4237 uicto·

226 4285 296 4326 suns.
304 4268 397 4323 Noster
405 4269 558 4322 candidatas
570 4279 625 4337 post
638 4271 799 4341 naartisestam
807 4273 1015 4342 decertationem,

225 4360 338 4414 debitum
352 4358 518 4431 triumphum,
533 4361 594 4414 dunt
609 4378 737 4427 00000000
751 4363 841 4418 uiderit
862 4363 938 4430 bello,
959 4383 1016 4420 sar-

226 4453 297 4506 titttr.
311 4451 415 4504 0000000
430 4454 509 4522 cciqit
523 4453 636 4518 laureas,
653 4461 676 4507 et
688 4455 808 4524 conqredt'
830 4471 881 4509 non
900 4472 1016 4510 necessa-

1066 3544 1153 3598 eruisti
1167 3551 1260 3613 loquor,
1278 3551 1305 3595 ut
1316 3526 1460 3596 Graecorum
1473 3542 1594 3613 0000000
1608 3542 1752 3597 doctrinam
1766 3543 1855 3614 feceris

1065 3647 1119 3687 esse
1131 3630 1284 3685 Romanam.
1310 3629 1432 3685 Didicisri
1446 3631 1525 3698 enim,
1539 3648 1589 3701 qua
1601 3633 1776 3704 profunditate
1799 3649 1856 3685 enm

1066 3723 1118 3778 suis
1137 3723 1251 3793 partibus
1269 3722 1574 3794 speculatirucoqitetur:
1589 3738 1638 3792 qua
1654 3723 1754 3775 ratione
1773 3724 1857 3776 actico

1066 3831 1125 3869 cum
1139 3831 1186 3868 sua
1202 3815 1325 3868 diuisione
1338 3814 1467 3880 discatur,·
1478 3814 1605 3868 deducens
1612 3814 1646 3868 ad
1661 3813 1797 3868 liontuleos
1816 3830 1856 3867 sc-

1067 3915 1178 3970 aratores,
1190 3904 1309 3974 quicquid
1323 3901 1471 3974 Cecropidae
1480 3903 1575 3957 mundo
1589 3905 1702 3975 fecerant
1715 3904 1855 3974 sinqularc.

1068 3994 1288 4051 Translationibus
1303 3995 1372 4048 ercino
1384 3996 1434 4049 tuis
1450 3993 1614 4065 Pytbaqcras
1628 3999 1751 4064 musicus,
1766 3996 1857 4051 Ptolo·

1066 4101 1146 4141 moeus
1156 4096 1315 4139 astronomus
1327 4083 1443 4154 lequuntur
1454 4083 1467 4137 Ι
1471 4086 1540 4138 talis.
1553 4084 1581 4139 Ν
1583 4087 1727 4142 icomachus
1737 4086 1858 4141 arithme-

1068 4177 1143 4239 ticus,
1156 4180 1321 4247 quometricus
1335 4173 1457 4230 Eraclides
1467 4176 1609 4230 audiuntur
1627 4178 1756 4232 Ausoniis.
1780 4177 1856 4233 Plato

1068 4265 1210 4339 tlteoloq'ns‚
1221 4267 1365 4322 Aristoteles
1378 4269 1475 4338 loqictts
1489 4268 1618 4335 Quirinali
1631 4286 1691 4323 uoce
1704 4271 1858 4341 disceptant:

1067 4358 1244 4413 0000000000
1257 4359 1331 4411 etiarn
1342 4357 1516 4412 Archimedem
1527 4357 1650 4415 latialem
1663 4358 1759 4413 Siculis
1772 4360 1859 4414 reddi·

1068 4450 1141 4508 disti.
1153 4450 1186 4504 lit
1201 4451 1569 4521 quoscunquedisciplinasuel
1582 4461 1650 4505 artes
1662 4451 1772 4520 secunda
1786 4452 1859 4506 Grec·

227 4545 294 4597 rium
304 4543 378 4596 ducit
393 4544 509 4596 arnratis.
520 4543 593 4597 luter
612 4541 743 4599 Ciceronis
757 4545 856 4614 qladios
879 4556 903 4601 et
923 4547 1018 4601 Demo·
1032 4530 1058 4591 D
1070 4546 1110 4597 cia
1120 4559 1164 4612 por
1175 4544 1290 4613 sinqulos
1302 4544 1367 4596 uiros
1382 4542 1472 4610 edidit,
1488 4555 1572 4597 00000
1584 4551 1688 4596 auctore
1709 4544 1793 4611 patrio
1810 4560 1860 4597 ser-

226 4631 323 4687 stltenis
344 4633 447 4701 enituit,
468 4642 491 4686 ct
505 4635 637 4703 utriusque
648 4635 774 4705 propositi
792 4637 922 4704 acumina,
945 4639 1019 4708 quasi

227 4730 304 4775 status
316 4721 410 4789 inipso
423 4723 519 4775 artium
532 4722 725 4793 pace,collcqit.
735 4723 762 4778 N
764 4741 819 4779 ema
833 4725 1017 4782 dissonantiam

228 4811 319 4864 Attica
337 4812 498 4881 perfectionis
513 4821 608 4867 metant
630 4820 653 4866 00
675 4812 813 4878 humanm
829 4831 875 4868 nec
889 4817 1018 4886 praecipua

227 4902 341 4972 qentium
352 4903 416 4954 bona
429 4905 456 4955 in
471 4905 614 4956 societatem
633 4903 729 4956 dubitet
743 4906 884 4959 conuenire.
909 4905 1017 4960 linares

227 4991 272 5058 qai
285 4999 419 5060 utrumque
432 4993 616 5060 000000000οἰ0,
639 4999 662 5045 00
674 4992 797 5062 quidquid
810 4994 904 5049 uiritim
926 4996 1016 5049 distri·

228 5081 315 5134 butum
329 5089 425 5148 poterat
436 5082 499 5136 saris
512 5098 575 5148 esse,
586 5084 675 5136 auidus
685 5084 854 5136 uraaimarum
864 5099 950 5138 rerum
959 5101 1018 5155 pos·

228 5185 312 5225 sessor
338 5169 460 5224 includis.
485 5171 665 5239 Eloquentiam
687 5182 811 5236 0000000,
824 5173 1017 5242 dumimitaris,

227 5278 377 5331 exsuperas.
398 5261 507 5316 Dicendi
522 5266 633 5332 [ormont
656 5263 808 5318 doctissimis
835 5262 935 5329 tribuis,
955 5265 1018 5318 dum

228 5353 346 5418 requiris.
366 5344 413 5407 Est
426 5353 494 5423 apud
506 5368 545 5405 are
564 5355 677 5423 epistolar
689 5363 789 5421 restra,
803 5370 860 5426 quoe
882 5356 961 5428 lustjus
981 5358 1018 5412 rei

229 5445 306 5512 00000
321 5446 412 5514 faciat,
424 5446 567 5498 ueneranda
586 5448 743 5515 compositio.
762 5446 865 5502 Utinam
875 5465 931 5517 quae
943 5465 960 5501 a
972 5465 1018 5503 oo·

229 5534 267 5589 iis
277 5535 433 5607 diriqnntur,
450 5546 501 5590 tant
511 5546 591 5592 essent
602 5535 690 5589 crebro
703 5540 873 5605 qaamsuaoia
885 5539 896 5592 !
921 5539 1020 5594 Diemis

230 5627 350 5693 forsitan,
367 5625 420 5680 Par
442 5629 491 5698 [uit
516 5616 687 5699 propinquum
709 5626 829 5696 laudare,
843 5631 869 5684 in
887 5645 1021 5685 commune

230 5702 395 5787 auqmentuns
411 5718 585 5784 laborantem:
599 5721 661 5793 quia
681 5735 731 5774 non
745 5731 781 5776 cst
794 5724 939 5795 propriant,
952 5723 1021 5794 quod

1071 4651 1147 4690 mone
1162 4636 1243 4691 Romu
1257 4639 1377 4707 suscepit.
1398 4636 1468 4701 Quos
1478 4647 1550 4691 tunm
1565 4636 1698 4690 verborum
1718 4634 1861 4690 luculentia

1071 4727 1206 4782 reddidisti
1220 4727 1314 4797 claros,
1337 4737 1409 4781 tanta
1427 4728 1520 4797 linqua
1532 4728 1688 4799 proprietate
1697 4727 1858 4791 conspicuos,

1072 4827 1100 4872 ut
1113 4819 1253 4890 potuissent
1267 4829 1290 4873 ct
1304 4819 1344 4873 illi
1358 4832 1422 4887 opus
1433 4829 1504 4872 tuum
1523 4818 1654 4887 preferre,
1678 4818 1701 4871 si
1724 4825 1861 4886 utrumque

1071 4909 1227 4965 didicissent.
1234 4909 1274 4964 l'u
1284 4919 1365 4965 artem
1375 4910 1572 4980 predictam,e.r
1582 4909 1725 4978 disciplinis
1736 4909 1862 4963 nobilibus

1070 5008 1169 5065 natam,
1192 5016 1238 5067 per
1249 5001 1423 5070 quadrifarius
1437 5000 1560 5055 llothesis
1573 5001 1669 5069 jarruas
1685 4999 1807 5053 introisti.
1823 4998 1862 5053 Tu

1071 5089 1143 5144 illam
1170 5090 1197 5143 in
1222 5099 1323 5145 natura·
1345 5089 1517 5158 penetralibus
1530 5090 1713 5156 considentem,
1727 5098 1861 5141 auctorum

1072 5181 1145 5235 libris
1160 5180 1325 5236 incitantibus
1338 5182 1422 5235 cordis
1443 5182 1538 5235 lumine
1558 5182 1711 5251 coqnoolsti:
1726 5182 1767 5234 cui
1779 5182 1862 5234 ardua

1072 5288 1147 5327 noste
1159 5288 1219 5327 usus
1231 5274 1365 5340 miracula,
1377 5283 1518 5329 monstrare
1530 5273 1687 5341 propositum
1699 5283 1746 5337 est,
1759 5273 1864 5326 molitur

1074 5361 1218 5425 ostendere,
1230 5363 1299 5429 quod
1319 5361 1497 5430 obstupescant
1510 5361 1624 5415 homines
1638 5361 1748 5415 monisse
1761 5376 1771 5413 .·
1785 5361 1862 5413 mira-

1073 5469 1121 5523 que
1134 5451 1208 5505 modo
1232 5453 1331 5507 naturis
1352 5455 1477 5507 conuersis
1495 5453 1558 5523 [acti
1581 5451 1691 5506 detrahit
1702 5452 1793 5519 0000,
1806 5465 1864 5503 cam

1073 5553 1178 5600 otteutet
1188 5559 1220 5597 00
1234 5543 1312 5597 oculis
1325 5544 1456 5598 visionem.
1469 5543 1544 5597 Facit
1558 5560 1636 5612 aquas
1647 5559 1677 5596 en
1692 5542 1744 5595 iuro
1755 5557 1863 5612 surqen·

1074 5645 1123 5701 tes,
1137 5633 1281 5705 precipites
1297 5634 1398 5701 cadere,
1421 5635 1505 5705 iqnesn
1525 5633 1680 5703 pondenbus
1695 5648 1806 5697 0000000,
1823 5645 1864 5684 or-

1076 5740 1145 5796 qana
1155 5725 1280 5782 ea'raneis
1298 5725 1400 5780 roribus
1422 5726 1555 5792 insonare,·
1571 5733 1595 5783 et
1607 5725 1747 5798 pereqrinis
1760 5724 1870 5794 datibus-
