3906 6180
221 324 273 379 bib

597 436 632 490 ll.

256 527 350 583 Petrus
363 526 477 590 Bertius,
491 526 534 581 eui
554 526 636 580 otiam
651 525 729 580 video
753 526 842 594 plures
862 527 1008 594 assentiri,

219 620 373 682 arbitratur,
391 617 546 687 l’roesatione
566 617 593 670 in
611 616 658 671 hos
672 615 755 671 Raetii
772 617 866 681 libros,
883 617 1005 672 boetium

219 718 304 763 tastum
324 708 375 762 hoe
387 708 584 763 Consolationis
603 709 795 778 philosophiam
818 724 897 779 opus,
924 721 1004 779 prout

219 797 384 860 lanimem,
400 812 453 852 uon
468 797 625 863 absolvisse,
649 798 791 869 eidemque
804 799 888 854 luisse
904 816 1006 869 propo·

218 891 301 943 situm
314 904 347 943 ex
362 890 483 945 doctrina
503 905 608 960 qnoque
631 889 793 959 Christiana,
815 908 846 947 ea
861 894 1007 961 superiori·

220 980 271 1035 bus
286 979 395 1046 addere,
409 980 505 1050 quibus
520 982 552 1034 ad
567 982 810 1036 eooisideratiouetu
823 992 932 1037 internus
948 985 1009 1038 vitae

219 1071 325 1125 animus
341 1071 565 1127 humanussttolli
577 1071 660 1140 possit
675 1089 681 1123 :
694 1081 750 1126 tutu
766 1073 827 1141 quia
841 1072 902 1127 Non
918 1085 955 1128 est
967 1091 1011 1128 ne·

220 1161 337 1226 rlsimile,
367 1161 468 1231 inquit,
497 1170 594 1231 partem
608 1162 680 1215 illam
704 1177 721 1215 a
745 1161 890 1217 Christiano
909 1166 1011 1218 hunnine

164 1292 170 1302 .
223 1260 328 1305 mortem
343 1253 373 1305 oh
388 1252 475 1307 oeulos
496 1252 600 1306 habente
623 1254 702 1323 [nisse
714 1257 868 1324 praeteritam
888 1271 1009 1325 eumque,

221 1342 264 1412 qni
276 1343 308 1395 de
323 1350 411 1396 saneta
422 1341 545 1396 Trinitate
559 1342 585 1395 in
609 1358 711 1398 carcere
731 1345 843 1415 scripsit,
856 1347 1010 1399 consolatio·

221 1447 279 1484 nens
291 1432 318 1485 in
338 1431 451 1486 aduersis
477 1448 527 1486 nan
541 1433 643 1503 petiisse
657 1450 689 1488 ea
710 1434 846 1505 disciplina
868 1434 963 1489 Gltsisti
987 1447 1011 1490 st

221 1522 338 1577 doctrina
361 1539 447 1577 rernm
468 1524 653 1579 credendarum
675 1540 705 1577 ae
728 1527 913 1595 sperandarum
927 1525 1012 1580 Libris

221 1614 302 1666 rearis
315 1613 452 1683 explicata.
469 1613 532 1668 Turn
553 1616 627 1669 etiam
649 1617 709 1685 quia
733 1610 799 1669 idem
821 1615 924 1671 Boetius
949 1635 1010 1687 pas·

221 1704 269 1757 sins
292 1705 417 1776 promisit,
445 1706 555 1775 intrepit,
583 1707 712 1775 festinavit
739 1707 868 1762 absoluere
892 1710 1009 1775 maiora,

827 321 878 376 hii.
900 321 1002 376 aaut.
1022 321 1097 377 sot.
1118 321 1241 379 ooottt.

1020 437 1044 495 Α
1059 436 1155 504 spernis
1167 435 1223 490 ideo
1234 436 1381 505 sagittarios
1393 444 1417 490 et
1429 435 1570 504 [striditores
1578 436 1589 488 l
1598 432 1630 487 ln
1641 435 1715 488 donno
1729 444 1852 488 extruen-

1797 321 1852 378 380

1060 529 1095 581 du
1106 527 1237 581 architecti
1252 530 1390 582 maximam
1407 529 1509 580 iaudent
1524 536 1545 581 et
1559 543 1632 580 usum
1648 524 1773 580 :tollesne
1788 543 1851 594 ope·

1059 636 1102 674 ras
1115 620 1193 689 igitur
1212 629 1235 673 et
1248 620 1435 674 adurimuros?
1447 619 1519 673 lolem
1539 618 1579 670 hie
1592 634 1675 671 reuse.
1689 618 1788 671 Diuinae
1798 617 1852 672 illoe

1061 709 1164 764 Littera
1174 711 1226 764 ueri
1239 711 1350 773 roboris,
1364 726 1430 764 oerae
1449 710 1550 763 uirtutis
1563 718 1586 761 et
1601 709 1749 762 constantiae
1761 706 1852 761 satiatae

1061 797 1276 864 effectricessnec
1296 814 1379 853 tamea
1403 799 1542 852 burrianum
1568 814 1672 863 prorsus
1697 800 1852 863 sapientiam

1061 904 1159 959 sperae.
1175 889 1241 941 Eam
1253 890 1320 955 dieo,
1336 904 1392 956 qun
1409 904 1459 941 non
1472 905 1499 942 se
1510 887 1593 954 effert,
1608 889 1652 942 sad
1665 890 1739 941 seruit
1752 889 1851 955 placide

1061 991 1084 1035 et
1096 982 1240 1034 ancillatur.
1254 980 1375 1045 Lapides,
1385 989 1516 1046 censente,
1533 980 1627 1031 calcem
1637 994 1668 1031 ea
1680 978 1754 1031 aeteri
1768 991 1791 1029 et
1805 979 1850 1030 aia

1060 1074 1133 1142 lapso
1144 1074 1253 1138 aedificio
1269 1071 1313 1126 illo
1327 1070 1496 1140 philosophias
1507 1083 1693 1136 consportantus
1705 1085 1714 1122 .·
1725 1084 1757 1120 ne
1767 1070 1851 1121 inuida

1062 1163 1181 1217 lucellum
1194 1167 1242 1216 hoe
1259 1163 1406 1230 architecto,
1422 1170 1446 1214 et
1461 1161 1558 1232 patiare
1569 1161 1701 1213 materians
1712 1161 1777 1212 lranr
1788 1163 1851 1211 sub·

1061 1254 1140 1307 stmni
1152 1254 1242 1307 saltem
1255 1253 1279 1305 in
1295 1251 1480 1321 fundamentis.
1494 1251 1526 1304 ht
1539 1251 1604 1303 enim
1619 1265 1692 1302 saera
1704 1248 1751 1301 ttta
1763 1249 1851 1301 mello·

1060 1360 1100 1408 ru,
1114 1361 1158 1398 nee
1180 1344 1259 1397 uerbis
1273 1341 1450 1395 abstinendum
1472 1342 1544 1411 [uiti
1560 1339 1667 1392 lleliora
1685 1343 1768 1407 fateor
1783 1341 1849 1391 :sed

1061 1434 1218 1488 addentium
1237 1431 1500 1502 promerebamur
1522 1447 1589 1484 meos
1606 1429 1720 1497 expendo
1733 1439 1756 1481 et
1777 1440 1850 1480 artus

1060 1534 1177 1593 artesque
1189 1523 1254 1577 libro
1266 1538 1277 1576 .·
1290 1537 1336 1576 eur
1350 1538 1415 1575 onus
1436 1521 1498 1574 rrtihi
1515 1521 1610 1590 imponi
1626 1519 1720 1587 patior,
1735 1518 1776 1569 cui
1799 1532 1848 1569 non

1060 1614 1109 1667 sim
1123 1613 1247 1682 faetida?
1257 1611 1404 1682 Theolopis,
1416 1611 1444 1663 id
1456 1621 1491 1663 est
1503 1611 1602 1681 propiis
1616 1610 1724 1679 altisque
1738 1608 1799 1661 viris
1815 1608 1850 1676 (et

1061 1707 1165 1759 cattinas
1180 1705 1274 1758 multos
1288 1703 1342 1757 hnc
1352 1712 1414 1758 telus
1425 1704 1493 1769 tulit)
1509 1716 1601 1770 ntitpno
1614 1701 1664 1754 istu
1676 1711 1700 1752 et
1714 1698 1850 1752 altarelin·

221 1795 336 1866 piamque
351 1814 401 1867 qm,
415 1813 485 1851 mm,
498 1799 524 1851 §p
536 1800 646 1868 papiam
660 1799 788 1864 evehatur,
802 1802 915 1870 apum,
1026 1796 1050 1857 Β
1063 1811 1112 1864 guo
1123 1809 1132 1847 :
1145 1811 1201 1847 mea
1211 1795 1299 1863 cpntha
1318 1793 1382 1863 lepet
1396 1795 1479 1847 littus.
1501 1790 1685 1858 Philosophum
1698 1803 1847 1861 spangam,

258 1887 293 1943 ht
307 1897 377 1942 unu
392 1889 500 1959 quietern
517 1891 566 1944 luit
579 1891 664 1946 Boetii
679 1893 773 1959 pietas,
795 1903 823 1948 ut
848 1894 947 1948 neruini
961 1894 1010 1947 dtr·
1062 1887 1105 1941 ted
1124 1885 1305 1938 Christianam.

222 1977 294 2032 bium
316 1992 376 2033 esso
392 1980 475 2047 possit
486 2024 493 2049 ,
506 1983 568 2048 quin
580 1983 620 2036 vir
634 1983 680 2037 illo
695 1985 890 2050 sanctissimus,
902 1986 972 2040 sicot
984 1988 1011 2040 in
1097 1975 1230 2047 Quidquid
1247 1989 1310 2029 ΨΟ
1323 1974 1429 2042 [elilim
1452 1972 1611 2038 intenderit,
1629 1982 1720 2026 ⁰⁰⁵¹&
1741 1970 1848 2025 3⁰2²5¹¹⁵

222 2070 372 2139 prosperis,
389 2071 429 2125 sie
444 2073 470 2125 in
486 2073 606 2128 adversis
620 2072 754 2128 Christum
776 2076 941 2146 cogitaverit.
957 2076 1010 2132 Sed
1062 2068 1114 2123 ¹¹³0
1127 2082 1174 2123 ⁸¹¹²
1191 2067 1578 2137 illl¹⁰⁸⁰ll¹¹¹ffi(301180122101102
1599 2065 1654 2118 ⁸⁰5⁵
1670 2080 1722 2118 ¹¹0¹¹
1743 2065 1846 2125 rblttssts

221 2157 372 2228 quicunqne
385 2163 475 2216 aalma
488 2166 646 2227 compotexns
662 2163 741 2217 luerit
752 2179 827 2228 earn,
851 2180 930 2234 qnam
951 2182 1011 2233 pro·
1062 2160 1110 2218 sed
1124 2159 1221 2215 alienis
1233 2160 1314 2214 etiarn
1328 2168 1486 2213 coeterorum
1502 2157 1638 2210 oraminum
1658 2153 1771 2219 ntorbis,
1786 2167 1849 2222 per·

222 2248 376 2319 posuimus,
393 2250 473 2319 lrujais
489 2252 580 2319 operis
603 2250 700 2317 idearn,
726 2252 854 2308 hieeerte
873 2269 939 2322 opus
961 2255 1011 2311 hoe
1061 2251 1260 2309 turbationibus
1281 2251 1416 2315 animinoni,
1432 2259 1492 2319 apta
1514 2246 1608 2317 qttaerit
1632 2244 1760 2300 remedie·
1783 2244 1849 2310 0⁰³¹·

222 2339 372 2394 absolutura
396 2355 456 2395 esse
470 2341 594 2395 fatebitur
607 2358 614 2395 ι
627 2345 678 2396 huo
701 2343 772 2397 enirn
795 2342 937 2399 deductum
951 2357 1010 2414 est,
1061 2357 1150 2402 autern
1164 2344 1226 2402 dtrei
1240 2346 1389 2410 innotuissent
1408 2349 1564 2410 argumenta
1577 2353 1612 2393 er
1625 2351 1700 2390 iactr
1715 2336 1848 2398 doctriua,

222 2442 276 2499 qno
294 2431 385 2486 lumen
398 2433 521 2487 naturale
543 2431 600 2486 sire
624 2433 808 2503 philosophia,
824 2451 894 2505 qua,
911 2445 1011 2492 utrum
1062 2448 1090 2492 ot
1105 2439 1238 2507 eretuptis
1252 2452 1312 2491 curn
1331 2433 1448 2497 Christi,
1476 2439 1532 2484 turo
1551 2437 1704 2483 sanctorum
1720 2425 1848 2489 Petrum·

222 2521 392 2578 Tertulliano
414 2523 516 2593 loquar,
534 2539 609 2594 ruens
630 2533 673 2580 est
686 2525 838 2580 naturaliter
852 2527 1009 2596 Christiana,
1063 2528 1121 2585 hae
1136 2528 1293 2584 Cirristiani·
1304 2526 1425 2597 quidem,
1440 2531 1485 2578 aut
1497 2521 1565 2576 iuste
1578 2521 1658 2574 etiam
1673 2517 1783 2581 latinis,
1799 2532 1849 2570 ne·

223 2621 329 2682 poterat
345 2612 465 2668 tendere.
486 2614 630 2682 Propterea
655 2617 777 2684 quateris
803 2617 829 2672 in
853 2626 911 2673 toto
929 2632 1011 2689 opere
1062 2633 1194 2688 quantiam
1226 2633 1290 2672 vero
1316 2615 1424 2686 paganis
1445 2611 1573 2682 prodesse
1592 2609 1741 2679 potuissent
1760 2624 1767 2659 2
1788 2619 1849 2660 tum

223 2703 364 2772 inuitiptex
378 2717 438 2758 sese
454 2704 581 2759 obtulerit
593 2707 661 2760 sacri
677 2715 765 2762 textus
778 2708 877 2768 citandi
892 2710 1009 2779 occasio,
1062 2709 1257 2780 philosophica,
1273 2708 1370 2777 quibus
1384 2704 1477 2769 utitur,
1493 2709 1650 2770 argumenta
1665 2704 1756 2766 utpote
1773 2705 1848 2748 natu·

222 2795 251 2850 id
272 2809 325 2850 non
341 2794 402 2849 iecit
426 2796 534 2850 Boetius
559 2797 609 2851 nisi
631 2801 725 2866 sernei,
739 2814 803 2855 usus
816 2801 858 2856 bis
870 2801 1011 2872 sapientiae
1063 2802 1112 2857 rnli
1128 2802 1227 2856 lorraine
1241 2800 1366 2854 ominibus
1376 2795 1529 2851 bontiuibus
1541 2793 1620 2847 insito
1631 2789 1750 2856 tundam,
1763 2788 1849 2842 0³¹¹*

172 2950 174 2957 g
223 2887 312 2943 verbis
326 2905 333 2940 ε
345 2885 464 2958 Disponit
475 2892 560 2943 omnia
574 2892 694 2946 inaniter.
1063 2894 1112 2947 bus
1128 2894 1239 2947 amitino
1253 2889 1405 2943 horninibus
1419 2888 1452 2941 ad
1466 2884 1599 2941 curandos
1621 2879 1848 2952 perturbationum

258 2976 393 3034 Potuissat
405 2995 469 3048 ergo
482 2981 590 3035 Boetius
610 2982 643 3038 de
657 2998 703 3037 sua
718 2982 908 3042 Consolatione
923 2987 1009 3056 philo·
1064 2985 1172 3041 morbos
1184 2985 1300 3038 marinio
1314 2982 1372 3035 usui
1386 2994 1446 3035 esse
1460 2979 1573 3048 possint.

223 3072 333 3141 sophica
354 3071 457 3126 loeutus
471 3073 572 3136 dicere,
586 3074 659 3144 qttod
674 3067 768 3130 luston¹
777 3076 881 3146 Lipsius
895 3087 1012 3146 postmo·
1098 3077 1237 3133 Neminem
1250 3090 1329 3144 porro
1344 3086 1454 3128 movere
1472 3070 1569 3134 debet,
1589 3065 1658 3138 qtrod
1672 3063 1779 3118 Boetius
1789 3077 1848 3130 pas·

224 3161 287 3215 dum
297 3160 330 3214 de
344 3176 390 3215 sua
404 3162 552 3217 Constantia
564 3163 639 3218 dixit.
654 3164 685 3220 Si
707 3166 782 3232 mihi,
795 3167 890 3237 inquit,
904 3167 1013 3224 Theolo·
1026 3135 1049 3200 c
1063 3165 1273 3237 simproniani,
1285 3161 1586 3233 ineoepmit,testinanerlt
1597 3155 1724 3211 absoluere
1734 3153 1848 3223 majora:

224 3265 285 3322 punt
298 3265 374 3320 apere
385 3255 556 3320 propositum,
578 3255 709 3331 aburauig
724 3257 747 3308 si
764 3257 952 3327 philosophum,
968 3276 1014 3314 cnr
1063 3274 1124 3314 etim
1140 3258 1213 3312 enirn
1227 3256 1381 3325 pradictum
1405 3253 1494 3307 lutoen
1516 3248 1637 3305 halmale
1651 3245 1716 3302 ¹¹th
1730 3243 1803 3298 ”illd
1816 3242 1849 3296 ⁸¹¹

224 3341 352 3411 culpant?
370 3340 509 3396 llaurimus
523 3344 615 3398 enims
629 3346 737 3411 lacuatis,
749 3348 879 3418 inquiunt,
890 3353 1013 3419 qnalieet
1064 3364 1144 3417 unam
1168 3348 1241 3402 notio
1255 3349 1336 3401 menti
1351 3344 1475 3398 humanae
1487 3342 1613 3397 divinitus
1632 3338 1778 3408 impressa,
1793 3334 1850 3389 sive

229 3431 389 3501 epnrissimo
405 3431 547 3485 diuinarum
557 3431 800 3507 Litterarumfoute.
816 3437 907 3493 hacne
921 3457 1012 3496 meso
1064 3438 1207 3509 cogitatio,
1229 3452 1281 3505 oua
1307 3438 1390 3494 Deus.
1426 3443 1516 3504 utpote
1539 3431 1667 3502 magister
1690 3443 1742 3482 non
1763 3426 1851 3480 ⁰¹1⁰*ss

225 3529 282 3573 rnnt
292 3520 304 3574 l
315 3522 348 3572 ht
361 3535 407 3589 epo
422 3536 452 3573 ea
462 3523 548 3574 animo
559 3531 637 3576 ternu
650 3536 674 3577 et
696 3526 838 3593 respondeo
862 3544 912 3582 non
935 3530 1014 3583 aliam
1064 3547 1143 3601 quintin
1168 3529 1324 3598 principium
1340 3535 1367 3582 et
1379 3525 1440 3580 linis
1454 3526 1578 3580 tonnano
1596 3521 1705 3587 mentis,
1729 3518 1849 3573 eamdent

225 3623 266 3662 ute
281 3609 347 3661 uiam
370 3610 459 3662 salutis
480 3626 569 3677 nosse,
595 3628 671 3680 quain
694 3612 770 3680 liaris,
797 3631 854 3686 qun
871 3635 915 3688 per
935 3636 1014 3672 unum
1065 3632 1183 3678 mentem
1208 3622 1287 3675 docet
1308 3621 1378 3673 viana
1403 3616 1497 3671 salutis
1517 3624 1640 3677 aeternae;
1666 3609 1851 3679 cainonense

224 3695 299 3749 illum
318 3707 341 3750 ct
355 3697 479 3751 directum
504 3698 610 3752 litatione
622 3701 698 3754 ducat
710 3721 717 3757 :
730 3702 764 3755 ad
776 3721 849 3773 quem
861 3716 944 3762 tarann
958 3725 1015 3777 per·
1064 3712 1184 3785 ejusdem
1210 3712 1307 3765 utentis
1325 3709 1449 3770 attentio,
1474 3704 1593 3774 quaedarn
1620 3702 1656 3755 sit
1678 3697 1851 3767 interrogatio

224 3790 379 3844 currendum
397 3796 519 3845 humanas
533 3792 611 3846 etiam
632 3794 730 3848 litteras
754 3795 893 3852 laxamenti
916 3801 1015 3871 aliquid
1065 3805 1125 3859 siue
1141 3804 1269 3870 precatio,
1283 3814 1334 3870 qnia
1350 3801 1406 3863 ipsa
1422 3811 1497 3852 mens
1511 3795 1558 3848 bei
1573 3791 1702 3861 diseipnla
1721 3789 1851 3859 majorem

224 3878 318 3948 afferre
332 3895 464 3944 cerisium,
490 3882 541 3934 imo
560 3884 712 3953 adjutorenti.
727 3886 862 3958 depastini
880 3890 1015 3945 eorosilinnr
1064 3895 1244 3952 eruditionem
1274 3891 1360 3963 poscit
1390 3897 1520 3959 rogatque
1548 3899 1626 3941 suurn
1658 3892 1851 3952 pfaecepoorent

225 3970 345 4023 rnsscio
359 3970 621 4041 ¹qaceaphllosophis
635 3974 811 4044 scriptarum,
827 3977 1016 4051 colligerent
1066 3987 1166 4043 Deum.
1194 3983 1279 4052 stragis
1304 3980 1438 4035 illustrare
1466 3973 1682 4047 paratissimum
1710 3980 1851 4040 bf0lles⁰³

225 4060 253 4114 in
266 4076 342 4114 nsunt
355 4070 470 4115 nostrum
484 4062 622 4129 uindicare,
642 4068 829 4137 possessoribus
843 4069 896 4125 illis
910 4071 1015 4144 injustis
1065 4087 1142 4133 sueta
1157 4085 1248 4130 nostra
1263 4072 1296 4128 ad
1311 4070 1380 4126 harto
1399 4071 1511 4139 primam
1529 4066 1669 4121 veritatem
1688 4060 1852 4124 attentione,

224 4150 479 4222 captantemque
493 4155 571 4219 uolui,
584 4164 609 4208 et
621 4159 731 4226 peccaui.
748 4157 907 4228 P'eeeassem,
920 4164 1014 4232 fateor,
1066 4166 1223 4237 praedictum
1244 4163 1331 4217 lurnen
1345 4160 1380 4214 ita
1396 4162 1636 4224 creseerepotest,
1661 4161 1691 4207 ut
1713 4152 1780 4204 tium
1801 4160 1852 4217 atta

223 4243 248 4297 si
258 4258 352 4314 purum
363 4241 431 4296 hnne
443 4253 467 4298 et
488 4245 627 4314 mprtieum
640 4245 770 4316 religionis
784 4261 879 4304 nostrae
894 4253 1016 4321 liquorem
1067 4272 1145 4313 mens
1160 4256 1186 4311 in
1199 4254 1312 4323 patriam
1325 4249 1477 4316 revehatur,
1490 4246 1580 4315 aliquo
1594 4242 1674 4300 modo
1692 4242 1776 4312 pisti!
1788 4253 1852 4308 ibe·

223 4337 393 4401 senapissem
403 4335 479 4388 ueteri
489 4337 574 4405 atiena
587 4346 610 4390 et
624 4335 701 4391 olenti
710 4338 782 4406 [nce.
798 4339 831 4393 ht
844 4352 931 4395 eontra
943 4345 1016 4397 insti·
1067 4352 1140 4406 rire:
1156 4360 1324 4416 naisitanam,
1335 4351 1362 4396 nt
1384 4342 1477 4411 religio
1498 4336 1644 4393 eltrlstiana
1668 4333 1761 4396 doen-t,
1784 4331 1853 4384 trano

225 4424 267 4481 ti:
281 4433 305 4477 et
315 4425 458 4479 sordentem
479 4442 524 4494 per
537 4443 564 4481 se
576 4443 715 4498 parumque
737 4437 858 4485 mundam
873 4432 1015 4489 doctrinam
1067 4439 1138 4494 riano
1153 4436 1351 4494 lelieiterobire
1366 4448 1420 4487 non
1443 4431 1586 4500 possimus,
1603 4427 1653 4482 nisi
1670 4437 1852 4487 monsrarue,

223 4515 365 4589 depurgare
379 4526 453 4589 atque
468 4518 600 4573 illustrare
614 4535 817 4593 oppressoriam
831 4540 895 4580 nouo
908 4527 957 4581 isto
971 4544 1013 4583 so·
1069 4544 1205 4601 praeunte
1219 4538 1246 4584 et
1265 4528 1408 4596 adjurante
1429 4523 1551 4588 Christo,
1577 4523 1621 4591 qui
1641 4527 1682 4574 est
1695 4517 1735 4570 uia
1749 4516 1850 4576 unitus,

225 4607 260 4659 le.
271 4605 319 4661 cat
334 4607 397 4662 berto
412 4608 534 4663 autemid
549 4624 600 4663 nors
616 4609 772 4666 bortumn't?
786 4611 928 4685 inpugna,
943 4619 1014 4688 equi·
1065 4629 1089 4676 el
1101 4621 1162 4674 rita.

224 4701 279 4748 turn
290 4708 332 4750 ant
346 4699 446 4751 statarii
456 4698 543 4751 militis
556 4701 710 4766 praecipuam
722 4717 825 4770 operam
834 4721 887 4759 esse
899 4710 991 4761 scimus
1004 4726 1013 4763 :

249 4796 1851 4853 w

680 4941 757 5041 Α.
796 4940 880 5046 Μ.
921 4939 1404 5048 stov.ltoloT11

254 5144 374 5268 DE
420 5124 1128 5281 CONSOLATIONE
1174 5143 1824 5277 PHILOSOPHIAE

779 5332 1267 5501 praenimius

427 5523 448 5590 l
469 5518 615 5576 METRUM
634 5526 643 5545 ⁴
663 5522 805 5579 mmm·
1100 5547 1196 5616 pieres
1208 5557 1232 5600 et
1246 5557 1380 5614 presentes
1393 5562 1453 5601 sitos
1463 5564 1567 5609 uerutis,
1581 5546 1613 5600 2⁰
1627 5549 1694 5600 inter
1706 5557 1854 5614 prosperum

222 5606 572 5666 amounanaa.-eoatn
586 5612 714 5666 obseruare
724 5613 883 5680 discrimine,
895 5617 926 5670 {⁰
947 5618 1012 5671 inter
1101 5626 1126 5671 et
1145 5615 1279 5670 aduersam
1298 5633 1370 5671 snam
1389 5617 1538 5684 fortunam,
1553 5618 1581 5671 ὅ·
1596 5619 1661 5670 inter
1679 5617 1810 5684 potetatem
1831 5620 1854 5664 et

258 5717 269 5739 '
283 5718 358 5784 Qirod
370 5720 636 5792 vocaturebptaeun.
647 5721 695 5777 Est
704 5729 793 5778 autem
803 5722 886 5792 elegis
897 5737 1007 5781 earmen
1060 5734 1187 5782 constans
1200 5739 1232 5782 ex
1243 5724 1343 5795 duplici
1352 5741 1451 5794 genere
1463 5741 1587 5784 versuum
1598 5728 1775 5792 alterarum,
1787 5737 1853 5793 qno·
