3906 6180
84 252 87 257 ’
158 283 209 342 ιιι
482 272 653 333 sensnum
672 272 717 327 nn
736 266 920 326 sinuosos
939 259 1198 320 consumamus
1218 251 1466 314 annosorum.
1745 247 1800 303 aas

195 388 302 462 aneae]
318 388 401 443 Luna.
430 424 432 428 ι

88 548 91 553 ,
197 478 317 550 Avidum]
330 477 460 546 Cupidutn
474 482 501 528 et
516 485 609 526 sorar.

196 570 329 640 Coerccut]
343 568 483 624 (Inhibeat.

199 660 289 731 Vobis]
303 658 489 724 Proscriptum
503 653 582 710 tinem
595 653 805 710 transeuntibus.

206 747 319 818 lendes]
334 746 495 801 Eatendcrc.

195 838 305 910 Sericus]
332 837 549 902 Gounexionem,
574 835 754 891 continuatam
783 833 949 905 progressio·

159 945 231 988 llelll.

194 1026 318 1101 Pelopea]
333 1028 415 1083 blare.

194 1117 361 1191 imperitans]
375 1117 521 1186 lntperans.

194 1207 257 1280 llic]
272 1209 365 1263 Amor.

964 378 990 432 Α
1039 368 1160 440 Sanctus]
1173 370 1283 432 iustos,
1297 367 1370 436 pacis
1390 360 1529 428 amantes,
1548 359 1646 417 ebriati
1662 357 1798 426 negarine

1002 462 1183 517 conltrmatos.
1201 459 1248 514 tet
1262 467 1389 525 sanctos,
1404 455 1480 510 lactis
1494 454 1578 510 sacris
1589 462 1617 510 et
1631 451 1798 522 iuramentis

1003 553 1129 623 prestitis
1142 550 1322 606 consociatos.

1039 644 1083 717 Et]
1099 645 1198 699 Etiam.

1037 733 1170 806 Coujuqii]
1183 733 1356 789 Matrimonii.

1038 824 1159 895 Sacrum]
1170 823 1383 879 Sacramentum.

1038 912 1121 968 Cottia
1133 911 1273 984 ontuibus]
1289 910 1396 967 Pudicis
1409 910 1549 966 allectibos
1560 907 1712 964 amatoriis.
1741 974 1745 981 ¹

1038 1000 1144 1073 Triplex
1161 1010 1197 1056 sat
1209 999 1293 1073 antor]
1312 1000 1410 1070 Turpis
1432 1000 1539 1069 quidem
1562 1001 1647 1055 solam
1669 999 1794 1067 corporo

1001 1090 1163 1161 voluptatem
1183 1090 1449 1159 aequinoctiorum
1468 1091 1607 1144 brutorum
1628 1086 1721 1157 passio
1740 1096 1792 1141 est.

1001 1177 1155 1234 Generosos
1169 1191 1236 1234 vero
1248 1175 1377 1232 muudum
1394 1177 1505 1244 respicit
1517 1177 1646 1240 antimum,
1662 1174 1696 1229 ad
1709 1175 1794 1228 tiatir-

192 1297 281 1353 ppma
295 1295 428 1367 femma]
450 1295 578 1364 Regimen
597 1304 624 1348 ,ι
644 1271 855 1349 η’,οὼηιῑῦηεω
870 1293 948 1347 dm
1001 1268 1035 1335 ιιι
1049 1267 1137 1322 oldcia
1157 1277 1320 1338 promptum.
1337 1267 1440 1322 lledins
1455 1278 1595 1335 utramque
1615 1265 1721 1336 diligit,
1738 1275 1793 1319 tunt

158 1390 251 1445 ruerit.
266 1386 416 1443 Translatio
430 1395 472 1441 est
483 1400 590 1455 sumpa
611 1384 646 1440 ab
661 1384 694 1439 iis
711 1385 757 1456 qui
771 1385 852 1440 irenis
863 1398 949 1454 equos

158 1463 294 1535 toltibcnt.
627 1473 630 1476 ’

191 1575 328 1660 continuo]
342 1575 412 1642 llos,
427 1575 528 1645 absque
541 1573 683 1630 dilatione.

193 1674 273 1732 Sosio
287 1674 349 1747 pide]
364 1674 453 1728 llutua
464 1673 619 1728 concordia.

192 1773 317 1846 incitant]
331 1775 448 1830 Movent.

191 1863 304 1936 Certent]
318 1864 447 1921 Certatim
461 1863 636 1919 contendant.

193 1954 308 2026 Solvere]
322 1954 483 2019 Dissoltere,
499 1968 687 2022 corrumpere.

194 2043 354 2116 stoctonam]
368 2045 455 2100 blondi
469 2059 578 2115 eorpns.

196 2134 258 2207 liic]
273 2140 363 2190 Amor.

1000 1359 1132 1426 corporis,
1144 1365 1200 1412 tum
1214 1357 1297 1412 animi
1311 1355 1547 1426 pulchritudinem.

929 1470 932 1475 ·
1036 1446 1133 1519 Dictat]
1148 1448 1311 1512 Praescribit,
1324 1447 1453 1517 suggerit.

1036 1538 1114 1593 Fidis
1128 1538 1201 1609 sodo]
1216 1539 1295 1595 lieris
1309 1540 1413 1594 amicis.

1037 1625 1060 1681 0
1075 1628 1138 1698 {elix
1147 1627 1278 1682 bominum
1288 1627 1377 1699 potus]
1392 1624 1568 1694 Subiotellipe
1579 1637 1655 1679 esses
1677 1621 1705 1678 Si
1715 1637 1792 1675 amor

963 1726 985 1783 Β
999 1733 1053 1789 uuo
1065 1722 1164 1778 coetum
1179 1717 1292 1787 regitur,
1306 1727 1381 1788 regat
1392 1717 1497 1775 atrianos
1511 1724 1632 1778 vestros,
1647 1713 1672 1767 id
1687 1720 1732 1768 est
1746 1713 1793 1766 bu·

998 1807 1099 1863 minum
1115 1807 1230 1864 animos.
1246 1805 1349 1863 Felices
1360 1806 1469 1878 (innuit)
1483 1820 1531 1860 ros
1546 1805 1669 1859 borsines
1681 1803 1792 1868 ιιιιιιι,

998 1899 1020 1953 ιι
1032 1911 1080 1966 per
1089 1911 1208 1952 amorem
1221 1907 1293 1951 tants
1305 1897 1374 1951 loret
1387 1898 1455 1951 inter
1466 1893 1680 1962 suscensentis,
1692 1901 1793 1963 quanta

960 2027 963 2032 -
997 1996 1039 2045 est
1052 1987 1078 2043 in
1094 1987 1172 2044 rebus
1185 1989 1350 2044 taoeimtibus.
1365 1988 1476 2049 Verum.
1492 1997 1519 2041 ut
1533 1988 1570 2041 ait
1585 1994 1675 2055 poeta,

1016 2086 1024 2097 ‘
1060 2085 1214 2147 tepescunt
1225 2087 1335 2135 minimas
1345 2099 1428 2135 renota
1439 2085 1658 2143 discordia,turba·,

1061 2146 1151 2196 Pacem
1164 2155 1256 2196 sudtma
1269 2153 1365 2198 teuent.

719 2386 730 2390 ⁴>
767 2352 911 2430 LIBER
936 2350 1171 2429 TERTIUS.

861 2491 1095 2506 ῃ

378 2569 411 2625 ΙΝ
431 2569 566 2626 Pnosntt
586 2568 732 2625 tutttstt.

1039 2553 1180 2642 llutoedo]
1204 2571 1341 2636 Suasitas,
1367 2569 1584 2634 delinimentum,
1606 2568 1751 2624 delectatio
1776 2584 1790 2623 a

154 2627 158 2641 ’
194 2661 319 2718 Secundo
328 2659 463 2716 volumine
475 2661 583 2716 lallaces
598 2661 711 2716 lortnnae
721 2675 812 2716 mores
826 2660 948 2717 Philoso-
1002 2662 1154 2719 mulcendo.
1176 2662 1258 2716 Diuus
1277 2662 1429 2733 Cyprianus
1442 2661 1475 2714 ad
1491 2661 1621 2714 Donatum
1634 2676 1644 2713 ·.
1657 2659 1791 2714 Ριιιιιιιι

156 2750 221 2821 pitia
235 2750 378 2806 luculentis
390 2750 480 2805 uerbis
498 2751 620 2819 aperuit,
632 2749 744 2820 ejusque
759 2765 869 2805 munuera
884 2766 948 2806 ueta
1000 2748 1073 2808 aurii
1090 2752 1216 2823 religiosa
1236 2752 1384 2808 mulcedo:
1407 2752 1478 2807 Usus
1491 2760 1532 2806 est
1554 2760 1581 2806 et
1602 2751 1652 2806 ltac
1674 2749 1797 2807 dictione

157 2840 228 2896 bona
243 2854 296 2894 non
313 2853 373 2895 esse
386 2840 591 2895 demonstrauit.
607 2840 664 2895 lloc
678 2851 766 2895 antem
780 2841 860 2895 tertio
875 2840 948 2894 laisa
1001 2843 1128 2900 Sidonius
1142 2845 1305 2914 Apollinaris
1316 2844 1343 2900 in
1358 2841 1484 2913 uptstotts
1496 2845 1561 2899 auis.
1629 2847 1631 2851 '

157 2928 293 2986 latinitatis
312 2930 424 2986 lormam
447 2931 591 2998 describit,
615 2932 643 2988 e't
665 2931 763 2988 deinde
785 2933 946 2988 contrariam

1036 2933 1178 3005 dedecet]
1192 2938 1330 2991 Attentum
1342 2934 1506 2991 reddiderat.

157 3019 279 3095 illinere
298 3021 471 3078 beatitudinis
491 3022 716 3092 pulchritudinem
730 3023 848 3089 inducit,
862 3032 889 3079 et
901 3024 946 3080 ubl
1019 3027 1175 3090 ⁴loommin
1194 3027 1376 3101 latiomorum]
1397 3027 1476 3084 Curis
1494 3035 1528 3084 at
1542 3025 1680 3082 doloribus
1700 3023 1791 3082 coule-

156 3111 298 3179 consistat,
313 3114 437 3184 quodque
450 3128 531 3169 unum
546 3111 581 3168 sit
594 3127 727 3168 sumtuum
746 3112 867 3168 bonnm:
883 3117 946 3170 item
959 3088 983 3151 C
997 3126 1113 3174 ctornna.

157 3201 229 3270 stood
251 3202 323 3257 Deus
345 3201 481 3257 beatitudo
501 3210 529 3257 et
543 3215 678 3256 summurn
692 3201 792 3256 bonnm
807 3217 859 3256 non
871 3201 947 3258 dille·

156 3303 234 3361 rant,
249 3293 392 3348 luculentis
405 3293 554 3347 rationibus
573 3292 701 3348 ostendit.
725 3291 856 3347 Praeterea
869 3291 948 3348 docet

157 3397 219 3438 eum
232 3383 277 3452 qui
292 3373 482 3436 beatitudinem
501 3381 536 3436 sit
548 3387 704 3444 assecutus,
718 3380 798 3434 simul
813 3379 947 3436 sttllcien·

157 3473 234 3537 tiam,
249 3472 438 3539 reverentiam,
448 3471 607 3541 potentiam,
618 3470 814 3538 celebritatem,
826 3470 946 3526 letitiam

157 3577 219 3620 ease
233 3570 417 3618 consecutum.
434 3561 474 3617 sd
489 3562 547 3616 ltoec
558 3559 945 3628 ostenditltotum'nontinum,

157 3655 279 3725 ιιιιιιιι
290 3666 358 3708 uoce
369 3651 510 3717 differant,
525 3650 703 3719 suldcientia,
720 3651 887 3715 reverentia,
903 3666 946 3719 po

157 3745 257 3809 tentia,
274 3742 434 3808 celebritas,
447 3740 557 3806 latitia,
574 3750 663 3795 tamen
677 3754 756 3795 unam
770 3741 946 3811 camdemque

1034 3208 1167 3281 Solotnen]
1180 3209 1361 3267 consolatrix.

1033 3298 1167 3369 Repouiut]
1181 3299 1330 3356 Recreasti.

1032 3391 1114 3464 Adeo]
1129 3390 1157 3446 ln
1170 3400 1284 3449 tautum

1033 3481 1177 3554 luporem]
1190 3483 1332 3540 desistere
1342 3498 1395 3538 non
1407 3492 1552 3552 pauntern.

1033 3572 1093 3627 Non
1107 3570 1283 3644 perdamus]
1297 3573 1355 3628 Non
1370 3572 1526 3629 relormido.

1032 3662 1160 3735 llploqito]
1176 3664 1290 3734 Erpeto.

1032 3751 1117 3825 Sensi]
1133 3751 1250 3824 Cognovi
1262 3763 1288 3809 te
1298 3752 1422 3809 'audiendi
1435 3751 1540 3806 avidum
1555 3750 1659 3806 acriora
1669 3750 1787 3806 remedia

157 3850 217 3893 esse
231 3838 297 3892 uim.
312 3833 388 3892 Unde
402 3835 539 3890 bominum
554 3846 632 3888 error
644 3831 746 3901 liquido
769 3831 946 3900 deprehendi·
996 3843 1170 3898 Ἥρωι,
1185 3843 1341 3911 efflagpm

156 3933 212 3993 tur,
226 3926 273 3995 qni
289 3936 415 3993 tanquam
429 3939 460 3979 ea
477 3921 615 3990 dillerant,
632 3935 716 3977 unum
727 3921 833 3977 illomut
849 3928 945 3989 praeter

156 4022 253 4070 caetera
265 4013 366 4069 ducunt
378 4012 569 4084 expetendum.
584 4011 618 4068 lit
631 4011 656 4068 in
668 4009 783 4069 dirersis
796 4025 871 4066 suam
887 4010 945 4065 leli·

155 4105 263 4161 citatem
286 4104 469 4169 constituunt,
492 4104 518 4158 in
531 4102 627 4173 quibus
640 4102 749 4159 minime
763 4102 876 4158 inveniri
897 4116 945 4171 po-

156 4202 218 4252 test.
232 4195 285 4249 Alii
300 4209 416 4262 namque
430 4193 582 4264 inopibus,
600 4192 644 4248 alil
658 4193 684 4247 in
698 4191 885 4264 dignitatibus,
898 4191 943 4246 aiii

155 4283 182 4337 in
194 4285 298 4352 regnis,
315 4282 390 4338 multi
404 4283 430 4338 io
444 4283 546 4352 gloria,
564 4281 672 4351 plurimi
694 4282 721 4337 ln
736 4279 871 4351 uoluptate
882 4280 943 4336 ber·

1031 3930 1168 4002 lloltitunt]
1182 3933 1371 3999 abactionem,
1381 3931 1596 4000 dispositionem.

1032 4024 1098 4090 Quo
1107 4020 1213 4093 restant]
1229 4021 1357 4078 lietnddia
1372 4030 1431 4091 ιἰιιι
1443 4021 1545 4091 reliqna
1559 4027 1632 4074 snnt.

1029 4112 1054 4167 F
1055 4113 1179 4187 irrorares]
1192 4114 1317 4170 Ardores.

1030 4204 1159 4276 Quonam]
1174 4206 1243 4273 Quo,
1258 4205 1290 4260 ad
1306 4205 1380 4275 quid.

1031 4297 1159 4363 Soutuiot]
1176 4297 1262 4354 Veluti
1278 4312 1325 4368 per
1340 4299 1473 4353 somnium
1492 4296 1663 4366 irnaginatnr,
1678 4303 1707 4349 et
1720 4308 1786 4349 con·

154 4374 296 4431 titudinem
316 4390 347 4430 se
363 4375 508 4441 adepturos
526 4373 702 4441 existimant,
724 4373 771 4430 sed
796 4373 941 4428 lalluutur:
957 4425 982 4486 D
992 4392 1085 4460 jecut,

153 4466 369 4538 quandoquidem
384 4481 435 4522 nec
448 4465 543 4536 opibus
555 4463 730 4532 sufficientia,
743 4478 794 4520 nec
808 4463 944 4532 dignitati·
1019 4480 1071 4535 -pp
1084 4477 1219 4550 pmfim]
1232 4478 1271 4533 pp
1284 4479 1389 4548 specie,
1402 4477 1548 4532 peppcpfflps,

153 4560 204 4615 bus
217 4560 385 4628 reuerentia,
401 4573 451 4614 uec
462 4559 553 4628 regnis
566 4557 705 4628 potentia,
725 4571 774 4612 nse
785 4555 879 4626 glorie
894 4571 941 4610 no·

154 4649 234 4704 minis
257 4649 459 4711 immortalitas.
489 4662 539 4703 uec
568 4644 699 4718 uoluptati
723 4645 827 4702 sincera
849 4647 940 4702 laetitia

153 4741 308 4811 contingere
323 4749 420 4810 potest.
434 4741 549 4796 Siccam
562 4740 640 4810 longe
653 4739 761 4795 diverso
776 4740 903 4804 sentiant,
913 4748 941 4793 et

154 4834 181 4889 in
204 4833 330 4890 lelicitate
354 4833 536 4901 investiganda
557 4831 683 4886 mortales
702 4831 830 4886 oberrent
848 4843 941 4883 arere

153 4924 239 4988 bono,
250 4924 333 4979 nihilo
348 4932 435 4979 tamen
448 4924 536 4977 minus
547 4921 572 4976 itt
585 4935 691 4978 sommo
706 4920 777 4975 bono
791 4919 942 4991 appetendo

1028 4568 1119 4638 lptont
1134 4566 1223 4640 illum]
1234 4569 1329 4624 leram
1342 4569 1507 4623 lelicitatntn.

1028 4661 1092 4716 Sine
1101 4659 1271 4733 cunctatione]
1283 4660 1390 4728 Absque
1403 4672 1487 4712 rnora.

1028 4748 1173 4822 Specitrtcn]
1190 4750 1359 4816 Exemplum,
1374 4748 1499 4815 lormatn,
1512 4745 1711 4814 probationem.

1205 4840 1239 4896 lli
1258 4839 1401 4895 uoluunt
1422 4835 1565 4894 Pttttttltt.

1029 4931 1142 4988 Carmen
1155 4939 1198 4986 est
1217 4929 1437 5000 itbypbaliicum,
1462 4927 1637 4998 dactylicum,
1657 4932 1783 4978 tetrante·

153 5015 315 5079 miletium
325 5028 430 5077 omnes.
442 5021 521 5081 atque
532 5011 712 5066 θθῦιιῐιῑῑῑιῦῑ·
722 5008 781 5076 0¹¹⁰
793 5008 822 5063 lit
833 5016 862 5063 ¹¹2
872 5023 942 5062 ”¹¹⁰⁸
992 5013 1073 5091 trum,
1089 5022 1282 5085 acamlcctum,
1297 5030 1427 5076 constans
1436 5019 1521 5073 tribus
1533 5015 1646 5087 dactylis
1660 5022 1686 5069 et
1697 5013 1783 5084 pyrri·

152 5118 242 5162 rerunt
252 5104 288 5160 sit
297 5103 415 5158 oninium
429 5101 490 5156 linis
499 5101 649 5165 bonerum
661 5098 797 5155 beatitudo
807 5111 939 5151 summum
991 5113 1064 5169 eppo,
1077 5111 1221 5169 sompnus
1233 5122 1321 5166 ,mem
1335 5109 1387 5164 poc
1400 5109 1500 5164 modo,

56 5179 62 5192 ⁸
152 5195 270 5261 boatum,
285 5204 312 5250 et
326 5193 414 5259 Deus,
430 5191 537 5247 nomina
558 5190 665 5260 quidem
680 5187 801 5250 diuersa,
818 5199 861 5241 res
876 5199 940 5239 uero

1115 5199 1166 5259 Qui·
1174 5211 1244 5263 sere,
1253 5200 1409 5261 ringentium,
1419 5194 1497 5256 rotet,
1506 5205 1601 5257 agrum.

151 5287 188 5344 ait
200 5303 263 5343 uua.
281 5286 326 5342 Sic
345 5294 433 5340 autem
454 5269 547 5339 Boetio
568 5279 732 5335 inmentsm
757 5283 898 5332 relocatur
911 5275 939 5330 itl
992 5281 1169 5338 Terentianus
1187 5281 1237 5336 boc
1260 5280 1338 5334 metri
1361 5293 1447 5349 genus
1471 5277 1621 5348 phaliscun
1635 5275 1783 5338 nominat,

151 5380 223 5453 quod
237 5396 269 5436 er
285 5379 368 5433 tribus
381 5386 443 5432 ante
464 5389 494 5430 sc
513 5375 652 5432 coulessns
665 5380 708 5449 est
720 5371 859 5452 ignorare,
877 5376 938 5439 puta
991 5388 1052 5429 cnm
1066 5372 1104 5427 nit
1119 5390 1125 5426 :
1594 5384 1598 5390 .

151 5472 211 5541 unis
222 5485 310 5528 rernm
324 5469 385 5523 lois
396 5469 430 5522 sit
441 5466 571 5522 omniurn.

186 5558 306 5631 Aridum]
318 5557 460 5628 Cupidum.

185 5644 347 5720 διιψιιιιιιιι]
363 5647 510 5703 ιιιιιιιιιιιι.

1053 5461 1121 5512 Talia
1132 5459 1196 5510 dicta
1208 5460 1312 5521 phalisca
1323 5458 1438 5521 legimus.

992 5544 1112 5612 Quatuor
1140 5547 1229 5593 autern
1255 5539 1496 5603 similitudinibus,
1523 5536 1659 5599 elepantos
1686 5531 1784 5603 probat
1848 5570 1869 5581 .-

993 5635 1067 5703 pitius
1081 5633 1155 5722 lalsae
1175 5630 1347 5688 beatitudiuis
1373 5629 1490 5700 speciem
1515 5625 1601 5681 uerbis
1627 5633 1689 5680 esse
1710 5620 1783 5679 deti
