3906 6180
258 307 312 368 διδ

817 298 950 355 ΕΝΝΟὓΙΙ
971 296 1122 355 crisconi
1143 296 1332 354 T'OENENSlS
1645 308 1651 319 ‘
1835 303 1888 356 33¹,

257 422 396 490 adbiberi,
412 432 438 479 et
452 421 592 478 credamus
613 425 747 475 exsortem
765 414 937 469 humanitatis
958 411 1085 475 Darat-A
1101 411 1174 466 Vatia
1190 412 1215 465 in
1230 409 1407 480 obsequium?
1421 407 1521 464 Natalis
1534 418 1654 481 tempora
1669 413 1751 466 sentit

257 531 321 571 nutn
336 515 473 570 bominum
488 512 570 567 meris
586 509 708 564 laudibus
728 505 873 562 demulceri
887 544 895 570 ,
909 514 936 559 ιι
950 503 1000 558 Ιιιι
1014 503 1048 557 ab
1099 504 1189 571 Festa,
1201 518 1250 560 nec
1265 503 1390 558 admissis
1401 503 1548 559 contemnit
1561 503 1782 559 tristiralumnis.

256 605 300 660 bis
309 604 416 674 speciali
430 602 544 673 quodam
562 600 623 670 jure
636 611 705 669 quos
722 595 830 653 donarit
853 596 941 665 linqua
966 607 1047 662 repo-

257 709 343 751 scere.
357 693 425 762 Quid
448 693 561 748 antistes
580 690 669 756 iaciat,
682 690 728 760 qni
747 687 862 762 propriis
880 685 1045 742 orationibus

1136 605 1187 660 lste
1201 605 1258 659 dies
1269 603 1373 659 cunctis
1386 603 1457 669 ritae,
1471 603 1627 683 crunctisque
1643 603 1737 658 salutis

1099 694 1184 748 Causa
1197 691 1257 760 luit,
1271 691 1369 748 ueteris
1383 691 1535 748 dissolvens
1549 693 1652 748 uincula
1668 707 1755 746 noae.

257 789 311 857 ⁰85²
325 795 355 840 ¹¹¹
367 784 485 855 Ρθθῦῑῐῐῑῗ
500 785 507 815 ¹
521 783 656 852 s“illlum
671 790 713 837 ⁸⁸¹
724 782 815 836 enim:
834 776 961 832 ”timim
978 775 1048 828 Μ’
1098 783 1222 840 Christus
1233 784 1260 838 in
1276 783 1327 838 boe
1341 783 1433 839 tribuit
1448 784 1531 839 decus
1542 791 1670 839 ettamen
1685 783 1712 837 in
1727 783 1798 837 artis

257 878 320 932 milti
341 876 454 947 linquam
469 875 630 943 auditionis,
646 873 749 945 quaudo
771 879 884 943 oportent
905 883 1047 924 sermonem

257 971 341 1024 dicere
354 965 429 1038 (lsai.
454 981 481 1031 t,
496 968 537 1033 ι).
559 965 671 1035 Oportet
691 976 772 1030 nnnc,
796 970 823 1016 ut
844 974 956 1024 censeo;
972 967 999 1013 et
1013 957 1046 1011 ad

257 1058 383 1129 loquendi
403 1065 509 1128 tompus
523 1058 621 1112 ostium
643 1054 733 1110 cordis
753 1052 882 1122 aperitur.
902 1051 955 1107 Sed
976 1063 1047 1104 nunc

257 1168 310 1208 non
325 1167 374 1222 ego
389 1152 415 1206 ln
430 1151 540 1220 poeticis
555 1147 678 1203 laudibus
693 1161 740 1202 ora
755 1145 862 1202 laxabo.
878 1143 955 1199 Absit
973 1157 987 1196 a
1004 1157 1047 1200 me

1099 877 1235 941 Ausoniis,
1254 876 1331 946 parili
1347 876 1460 946 populos
1476 877 1520 946 qui
1536 883 1626 931 mente
1640 877 1783 946 gubernet,

1099 967 1132 1022 Et
1145 977 1239 1037 gentes
1255 968 1352 1038 pietate
1367 977 1460 1038 reqat:
1476 967 1573 1038 quibus
1587 977 1681 1023 attctor
1693 968 1800 1039 Olympi

1099 1057 1236 1113 Pollicitus
1250 1057 1330 1113 simili
1346 1072 1436 1128 regern
1452 1058 1583 1126 probitate
1594 1057 1712 1127 pararit,

1099 1146 1198 1204 Dexter
1208 1156 1236 1203 et
1250 1149 1307 1216 ipse
1322 1148 1393 1203 Deus
1405 1146 1474 1202 solio
1488 1147 1605 1217 (latiora
1621 1162 1744 1202 corusco.

256 1243 362 1298 sentina
377 1242 539 1306 carminum,
554 1253 615 1311 quae
630 1237 701 1294 sicut
718 1251 782 1292 rera
807 1249 860 1291 non
883 1235 983 1297 laudat,
1008 1234 1048 1289 sic
1134 1237 1276 1294 Proximus
1286 1238 1329 1293 bic
1339 1238 1418 1304 coelo,
1434 1239 1477 1292 cui
1491 1238 1556 1293 recti
1570 1239 1675 1292 conscia
1691 1254 1767 1293 meris
1777 1251 1829 1304 est,

257 1350 308 1391 nec
320 1349 384 1390 tere
402 1332 536 1388 laudatur.
556 1331 631 1387 Nunc
652 1329 739 1386 latete
762 1327 898 1383 mentibus
913 1335 985 1382 certa
1006 1325 1046 1380 di·

1097 1327 1210 1398 Semper
1218 1329 1280 1397 erit,
1292 1342 1371 1400 quero
1380 1328 1451 1398 juata
1461 1329 1584 1398 probant,
1597 1342 1677 1396 quem
1686 1328 1775 1397 judice
1790 1333 1888 1383 nrtrrmle

257 1437 344 1483 ctnro.
361 1425 389 1480 ln
403 1439 456 1495 quo
466 1439 548 1495 opere
562 1424 584 1478 si
598 1423 702 1478 minora
723 1434 773 1491 pro
788 1419 886 1490 ingenii
903 1417 1048 1489 exiguitate
1099 1420 1205 1474 Publica
1216 1427 1277 1474 rota
1293 1419 1403 1489 legunt:
1419 1416 1516 1484 lateor,
1528 1417 1653 1487 suliraqia
1669 1433 1764 1487 magna

257 1532 309 1574 non
322 1517 426 1580 dixero,
438 1531 486 1588 pro
495 1513 622 1586 jactantia
634 1511 735 1582 majora
750 1527 803 1567 non
820 1509 927 1580 irrigant.

292 1608 405 1664 Vatibus
419 1607 534 1677 antiquis
545 1604 651 1660 (licentii
664 1602 778 1657 maxima
791 1601 875 1656 virtus

258 1703 305 1758 llla
318 1702 376 1767 luit,
387 1700 479 1756 doctis
490 1700 512 1753 si
524 1696 624 1753 scirent
635 1694 727 1749 lallcre
741 1692 840 1750 uerbis.

1099 1509 1228 1576 Contulit,
1240 1518 1269 1564 ιι
1283 1508 1354 1564 sedis
1368 1508 1472 1579 gremio
1483 1508 1615 1563 frueretur
1629 1500 1765 1599 inempta}

1097 1600 1194 1656 Libera
1208 1608 1234 1655 te
1246 1599 1382 1654 dominum
1398 1600 1488 1668 posuit
1498 1598 1548 1653 sibl
1560 1599 1638 1653 turba
1650 1602 1806 1667 perennem,

1096 1692 1212 1748 seruitio
1225 1692 1356 1747 laudanda
1371 1706 1430 1749 suo.
1445 1691 1514 1746 Prolt
1526 1701 1643 1760 quantus
1658 1691 1756 1760 ubique

257 1794 327 1852 Laus
341 1800 399 1849 erat
409 1792 436 1846 in
450 1789 556 1845 laudem
568 1787 708 1842 mentitum
721 1799 836 1855 pangere
848 1797 967 1839 carmen.
1062 1784 1084 1844 B
1099 1780 1199 1838 Fertor
1212 1783 1286 1836 erati
1301 1790 1394 1837 saracto
1409 1781 1500 1835 mnndi
1516 1780 1658 1850 plaudente
1672 1784 1797 1846 ιιιιιιιιι,

258 1886 332 1942 Τιιι
342 1884 415 1954 operi
427 1885 499 1937 iraus
513 1887 576 1949 apta
587 1877 649 1934 luit:
663 1892 724 1933 nam
738 1891 813 1931 more
826 1883 914 1947 poetae

257 1979 400 2033 Serrantcs
413 1973 486 2044 quod
499 1974 601 2027 crimen
616 1970 706 2034 babet,
717 1975 827 2024 vetuere
841 1966 943 2038 pudore

262 2067 328 2123 Pera
344 2065 427 2134 loqui,
440 2076 604 2133 carmenque
619 2061 686 2116 lldes
697 2057 820 2128 despexit
831 2056 941 2126 ubique.

261 2159 312 2219 Ars
327 2157 437 2230 placuit,
453 2171 533 2226 qnam
554 2154 631 2224 culpa
648 2153 748 2209 decet:
765 2165 827 2205 nam
851 2148 955 2204 doctior
973 2159 1048 2201 error

260 2251 379 2308 Extorsit
390 2248 472 2305 certis
487 2245 628 2302 metuenda
645 2251 767 2314 poemata
782 2241 891 2310 linquis.

259 2342 314 2397 Lex
325 2340 416 2394 docuit
431 2338 489 2393 sine
504 2337 563 2407 leqe
574 2335 657 2405 loqui,
668 2349 729 2389 cum
744 2332 861 2387 vindicat
873 2338 930 2386 arte

259 2431 391 2502 Quidquid
403 2430 463 2500 iura
479 2437 558 2500 neqat
569 2427 677 2483 landum
692 2426 857 2482 :retinacula
872 2438 977 2480 morunt

259 2525 373 2582 Numina
387 2516 472 2579 laliaci
489 2521 624 2577 lltrxerunt
632 2519 738 2575 sordida
753 2526 842 2574 cantu.

259 2618 403 2681 Pbrebnrn,
416 2623 444 2670 et
459 2623 501 2669 ter
515 2621 604 2669 ternas
617 2610 745 2666 dixerunt
758 2622 818 2665 esse
830 2621 948 2672 sorores,

259 2707 405 2765 Castalium
419 2706 537 2770 laticem,
551 2703 640 2759 sarias
651 2716 757 2773 qnoque
768 2700 881 2756 Palladis
894 2708 975 2756 artes.

260 2800 328 2856 Τιιι
345 2800 447 2864 laurus,
464 2796 595 2868 tripodas,
607 2796 747 2861 cortinam,
764 2802 901 2866 tympana,
916 2790 1048 2861 plectrum

259 2891 422 2948 Narrabant:
434 2890 495 2946 illos
509 2905 523 2943 a
538 2888 593 2944 reri
610 2886 715 2942 tramite
725 2884 792 2954 luglt

261 2983 373 3047 Sensus,
387 2990 415 3038 et
428 2990 550 3037 errantes
563 2980 637 3035 risus
651 2977 746 3033 delusit
759 2976 857 3046 imago.

295 3073 371 3130 Nunc
384 3073 501 3144 linquam
514 3072 635 3137 citltarc,
649 3085 708 3141 quae
722 3076 812 3125 cantat
825 3065 928 3138 pollicis
942 3080 1002 3133 ore,
1603 3132 1605 3136 Ι

260 3164 364 3235 spem,
379 3163 461 3222 fide„
478 3163 562 3232 Μαι,
577 3160 624 3217 3110
634 3161 696 3217 veni
711 3174 783 3216 „unc
793 3158 920 3229 qusqqm,
934 3172 994 3223 opo,
1063 3151 1087 3215 c
1102 3138 1303 3195 Commemorat
1317 3155 1325 3194 ε
1339 3148 1438 3209 quanta
1453 3138 1523 3194 tituli
1537 3146 1599 3194 tunc
1613 3138 1709 3194 claude
1728 3152 1889 3210 superstant,

260 3255 343 3325 Cujus
355 3254 513 3308 inealrausto
523 3251 658 3307 reviviscit
671 3264 778 3318 semper
792 3251 820 3303 in
830 3263 901 3304 anno

261 3343 396 3414 Quidquid
408 3352 481 3397 terra
490 3349 577 3409 creat,
591 3341 675 3411 giguit
690 3354 774 3402 mare.
791 3341 906 3409 parturit
919 3340 1014 3396 aether.

262 3437 311 3503 Qui
324 3434 390 3490 ireta
404 3432 536 3501 diluant,
547 3432 662 3488 solidum
676 3430 722 3486 (lat
735 3444 834 3498 corpus
850 3430 875 3484 iu
891 3431 979 3494 artis,

261 3526 331 3584 Sara
344 3525 396 3581 ciet
406 3524 494 3594 jussu,
506 3522 601 3578 metuit
610 3537 689 3591 quem
704 3520 828 3577 cautibus
839 3519 954 3576 borrens

261 3616 405 3677 Caucasus,
420 3612 508 3668 aurito
523 3611 614 3666 lanati
625 3625 685 3666 cum
700 3611 777 3665 lortia
793 3624 874 3666 sensu

1097 1871 1227 1928 Omnibus
1237 1870 1308 1926 idem
1321 1871 1437 1936 animus,
1455 1870 1539 1925 turbis
1554 1885 1604 1925 ιιι
1620 1871 1745 1925 ornnibus
1761 1887 1824 1925 una.

1098 1963 1144 2020 Sic
1159 1973 1248 2018 tamen
1261 1963 1418 2017 alterutrum
1429 1961 1569 2017 certabant
1578 1962 1687 2017 vincere
1702 1963 1781 2027 totis,

1097 2053 1152 2108 Ceu
1164 2053 1216 2108 sibi
1227 2067 1287 2109 cum
1301 2051 1360 2108 diro
1371 2051 1487 2108 bellandi
1500 2054 1622 2106 cominus
1634 2053 1711 2107 bosre

1098 2140 1184 2199 Causa
1194 2142 1281 2198 iuret:
1294 2143 1389 2213 vulqus
1403 2141 1512 2212 proprio
1527 2151 1589 2196 tunc
1602 2139 1731 2210 sanquine
1744 2143 1816 2204 vicit,

1098 2232 1251 2288 Pollicitum
1265 2235 1392 2303 quotiens
1403 2232 1484 2287 luerit
1496 2232 1609 2287 sulierre
1621 2233 1729 2301 pericla.
1826 2303 1828 2307 Ι

1097 2321 1194 2396 Caspia
1206 2338 1259 2378 non
1271 2323 1349 2378 aliter
1362 2336 1426 2378 curn
1441 2321 1517 2392 tigris
1530 2320 1583 2376 leta
1597 2321 1739 2390 niphatem

1098 2413 1210 2480 Circuit,
1220 2425 1266 2469 aut
1279 2414 1383 2469 catulos
1398 2412 1519 2483 rapiendi
1534 2412 1631 2467 lormat
1643 2412 1676 2466 ad
1688 2427 1762 2478 usus,

1098 2505 1182 2561 Ardet
1195 2506 1221 2560 in
1234 2505 1370 2571 absentes,
1380 2505 1459 2560 sacris
1469 2504 1591 2558 mortalia
1602 2502 1710 2557 mandat

1099 2594 1218 2652 llembra
1248 2595 1361 2664 animis,
1394 2594 1587 2665 bominumque
1623 2607 1715 2649 ιιιιιι
1745 2598 1811 2664 petis
1841 2612 1889 2654 ora

1248 2738 1253 2750 ,
1721 2686 1852 2758 [dituculo.

1135 2775 1209 2830 Alter
1221 2774 1248 2829 in
1263 2774 1315 2828 ltoe
1328 2773 1432 2828 senium
1446 2772 1546 2828 teneris
1561 2776 1672 2829 miratos
1683 2775 1709 2828 in
1722 2779 1809 2843 arinis,

1100 2865 1175 2921 Alter
1185 2864 1212 2919 in
1225 2863 1333 2934 antiqua
1344 2863 1461 2932 iactabat
1475 2865 1557 2934 stirp·
1570 2873 1712 2933 parentes:

1099 2957 1216 3013 alterius
1230 2965 1355 3011 contentu
1373 2969 1467 3026 parum
1483 2957 1517 3011 de
1528 2957 1656 3026 sanquine
1670 2972 1746 3012 meas
1760 2969 1817 3024 est,

1101 3048 1183 3120 iligna
1199 3047 1299 3104 rolerro
1315 3048 1366 3103 riri
1382 3049 1506 3103 tirtntnnr
1519 3057 1659 3103 stemmata
1675 3050 1749 3104 mille

1103 3230 1251 3286 Vincuntur
1266 3231 1401 3298 quotiens,
1414 3238 1439 3286 et
1455 3245 1560 3285 ntorum
1575 3229 1659 3301 qloria
1674 3233 1751 3285 victis

1101 3323 1220 3380 Parturit
1234 3322 1365 3393 insignem
1379 3336 1426 3393 per
1436 3321 1535 3378 saecula
1548 3321 1625 3391 lorqa
1642 3322 1821 3393 triumphum?

1101 3417 1148 3474 llle
1164 3417 1330 3488 pudicitiam,
1344 3431 1404 3488 quae
1418 3416 1532 3487 pulchro
1545 3416 1698 3486 incorpore
1713 3430 1805 3474 vernat

1102 3505 1254 3574 Pulchrior,
1269 3515 1296 3562 et
1310 3515 1384 3582 casta
1397 3505 1530 3562 ridentem
1544 3505 1604 3562 Ιιιι
1619 3507 1731 3578 liguram

1102 3597 1239 3654 Laudibus
1253 3599 1287 3654 atl
1302 3597 1399 3655 coelum
1413 3605 1521 3668 portat:
1537 3599 1620 3655 decus
1635 3599 1681 3654 illa
1690 3600 1809 3670 proiecto

261 3703 348 3762 Corda
371 3703 483 3759 domat:
502 3701 549 3773 qni
568 3711 664 3757 cuncta
684 3699 767 3766 ridet,
783 3715 863 3771 qoem
880 3708 975 3754 cuncta
999 3708 1052 3755 tre·
1101 3676 1451 3760 AllulilhuleP105080utae
1463 3691 1555 3745 multis
1566 3713 1571 3741 t
1581 3703 1645 3745 auat
1659 3692 1750 3758 pericli

871 3790 1015 3864 [miscunt;

263 3885 345 3954 Pons,
362 3897 417 3952 ιιι,
428 3883 534 3950 dextra,
549 3882 628 3953 lapis,
641 3883 751 3953 ¹titulus,
767 3884 820 3950 leo,
836 3883 940 3951 luciler,
956 3898 1051 3954 agnus,

262 3975 359 4042 ianua,
373 3988 446 4045 spes,
460 3973 556 4042 rirtus,
571 3973 695 4041 verbum,
712 3974 854 4044 sapientia,
865 3985 950 4039 rates,

262 4064 365 4131 llottia,
378 4063 532 4136 rirqultutn,
549 4072 651 4134 pastor,
668 4078 756 4131 mons,
771 4076 839 4132 rete,
851 4065 985 4130 columba,

263 4155 395 4223 Flamma,
409 4156 495 4226 qiqae,
510 4155 608 4226 aquila,
628 4170 754 4226 sponsus,
779 4158 917 4226 patientia,
941 4158 1051 4227 termis,

263 4247 348 4303 Pilius
361 4247 496 4313 arcelaus,
512 4245 655 4315 Dominus,
672 4247 754 4315 bens,
765 4248 856 4304 omnia
868 4248 1002 4306 (ilaristus.

263 4338 341 4396 llrtnc
355 4352 452 4411 precor
467 4347 498 4393 ιι
509 4336 589 4393 dictis
598 4337 687 4394 adsit:
702 4339 748 4409 qul
763 4350 871 4410 pectora
885 4339 965 4411 prisci

264 4430 338 4488 Paris
350 4439 379 4487 ιι
390 4432 536 4502 ingressus,
552 4430 701 4486 Pharaonis
715 4440 837 4502 tempore
850 4432 933 4503 regis,

264 4525 374 4596 adjuvit
385 4525 478 4597 gracili
490 4525 640 4581 locuturum
653 4539 720 4582 roco
729 4526 897 4596 prophetam.

263 4615 301 4674 Se
309 4619 410 4689 stupuit
424 4627 486 4672 tune
499 4616 568 4686 ipse,
579 4630 650 4681 reor,
663 4616 731 4672 bene
739 4616 867 4672 conscius
879 4617 948 4685 oris,

265 4710 409 4766 llurmnris
423 4719 451 4766 et
463 4709 544 4777 soliti,
562 4709 743 4780 complentem
758 4710 890 4782 principis
901 4724 982 4768 aures

266 4800 399 4869 Pondere,
414 4816 492 4869 roee,
505 4815 586 4868 aaa,
597 4815 690 4871 m,
703 4801 847 4872 probitate,
860 4803 972 4873 pudore.

265 4890 306 4945 ‘lu
320 4889 458 4956 bmnium,
478 4900 517 4956 ιι,
532 4901 636 4958 sancte,
652 4905 748 4948 mono:
763 4892 796 4948 da
810 4893 914 4950 saltere
926 4903 1025 4966 qrates,

265 4981 338 5048 Quas
351 4980 450 5037 debere
462 4982 557 5051 iurat:
571 4995 693 5039 nactum
704 4984 906 5053 complectimur
916 5000 1010 5042 omnes

87 5059 92 5067 ’
168 5064 176 5081 ’
268 5072 337 5127 Ecce
351 5071 434 5139 diem,
446 5071 723 5146 rolntrqmaejnbar
735 5073 828 5131 indere
839 5073 927 5142 terris,

267 5164 418 5234 Promptior
432 5172 461 5220 ιι
473 5165 555 5221 radiis
569 5168 672 5222 animas
687 5168 807 5223 animare
819 5168 985 5239 propinquis.

265 5255 325 5323 Quo
338 5254 436 5325 gautlet
448 5254 575 5323 muudus,
590 5270 650 5312 cum
661 5272 715 5312 non
727 5258 780 5314 sint
794 5257 890 5330 gaudia
905 5259 1016 5314 mundi:

265 5345 360 5402 Cernis
369 5344 527 5401 adorantem
543 5345 652 5416 pauidos
666 5349 824 5406 submittere
836 5351 927 5406 uultus

301 5478 310 5509 ¹
326 5475 454 5546 Scriptum
470 5485 506 5530 ert
519 5473 596 5548 enirn]
608 5476 685 5531 isaiae
699 5492 758 5546 rap.
779 5496 804 5543 a,
823 5477 898 5548 juxta
910 5478 1053 5534 editionem

267 5544 337 5633 [ξὶ
351 5550 524 5637 ιιιιιιιιῐςιιιιιι
533 5548 638 5637 :ntiysor
647 5546 670 5603 δ’
688 5553 737 5603 oroi
746 5551 916 5631 poryie'arcota
926 5547 1052 5614 παιδείας,

265 5615 1054 5752 ιιιιιιιιιιιιιιιιιιιιιῑιιι

267 5758 350 5808 artinas
372 5755 434 5810 miii
453 5757 496 5811 dot
517 5757 632 5824 iirtprrmrt
651 5759 803 5826 disciplinas,
828 5760 931 5828 quaudo
950 5757 1053 5813 ciricum

1102 3776 1180 3848 sape
1195 3777 1268 3832 luit:
1284 3779 1421 3846 pulcltrum
1435 3777 1499 3832 satia
1513 3786 1554 3833 est
1567 3780 1696 3833 mansisse
1710 3778 1780 3848 pudit
1791 3796 1844 3834 um.

1102 3866 1165 3923 llaec
1179 3865 1231 3921 nisi
1245 3867 1398 3939 desummo
1412 3881 1465 3920 non
1479 3867 1578 3922 dantur
1592 3867 1709 3922 culmine
1724 3868 1838 3940 Olympi.

1104 3958 1148 4016 Sic
1159 3958 1204 4014 ubi
1214 3961 1381 4030 contingant,
1396 3958 1438 4014 uel
1453 3958 1547 4015 lorurae
1559 3961 1699 4015 commoda
1711 3963 1811 4017 satietis

1103 4050 1235 4107 lientibus
1245 4060 1409 4118 accrescant,
1426 4052 1496 4107 bello
1506 4068 1535 4108 se
1545 4051 1653 4108 vincere'
1670 4062 1773 4108 certant

1103 4142 1178 4198 Tunc
1190 4141 1326 4210 homiues,
1342 4143 1480 4214 lunditque
1491 4144 1573 4199 decue
1587 4144 1628 4199 vel
1641 4160 1754 4201 munera
1770 4158 1842 4202 terra

1104 4234 1201 4291 llextra
1214 4235 1321 4304 animae,
1334 4234 1450 4306 riritquc
1460 4235 1522 4303 sibi,
1534 4236 1597 4291 dum
1607 4236 1710 4306 deperit
1723 4238 1772 4292 illi.

1138 4334 1274 4392 Haemum
1288 4334 1428 4406 multiplici
1442 4336 1560 4407 populus
1575 4348 1699 4392 narraret
1715 4338 1752 4393 ab
1764 4353 1822 4403 ore,

1105 4425 1161 4482 llus
1177 4425 1227 4481 luit
1237 4427 1341 4483 cunctis
1353 4428 1488 4484 renitentia
1501 4427 1554 4483 ilas
1564 4427 1689 4484 esterna.

1064 4509 1093 4572 D
1104 4520 1195 4577 Turba
1205 4521 1386 4593 ιιιιειιιιιιι,
1398 4523 1601 4595 reparandaque
1610 4525 1682 4580 caria
1695 4526 1783 4581 saeclis

1106 4612 1203 4685 Clsqit,
1219 4614 1314 4682 voluit,
1328 4615 1435 4682 meruit,
1449 4614 1577 4685 suscepit,
1591 4617 1701 4672 amarit.

1141 4704 1211 4762 Ecce
1225 4705 1297 4762 alind
1309 4707 1434 4776 dictuque
1447 4723 1555 4775 norom,
1567 4710 1690 4765 mirabile
1704 4712 1807 4765 eunctis

1105 4795 1285 4862 Transierant,
1299 4798 1370 4869 quod
1379 4799 1491 4870 quisque
1500 4809 1589 4870 paret,
1600 4801 1670 4871 quod
1682 4801 1796 4869 suspicit
1809 4801 1893 4856 orbis.

1108 4889 1156 4946 Vix
1172 4891 1313 4962 primaeuus
1325 4903 1394 4961 erat,
1405 4895 1528 4950 tremulis
1543 4906 1604 4949 cunt
1618 4894 1709 4948 limina
1724 4893 1790 4948 lucis

1104 4979 1246 5039 Calcantor
1261 4983 1367 5054 plantis,
1382 4999 1444 5040 rum
1459 4984 1551 5040 matria
1565 4984 1600 5038 ab
1613 4983 1698 5038 ubere
1713 4985 1797 5050 raptis

1106 5074 1259 5131 Blandiana
1277 5085 1372 5132 tenero
1386 5089 1481 5132 succus
1495 5075 1656 5131 subducitur
1669 5074 1764 5127 haustu
1781 5090 1788 5126 ε

1105 5166 1206 5223 Callida
1222 5168 1363 5224 mentitum
1374 5150 1564 5239 genitris'cnm
1578 5167 1647 5222 lorte
1657 5179 1778 5234 saporem

1107 5259 1253 5314 ilerbarum
1268 5259 1388 5327 querulis
1398 5257 1514 5314 luluodit
1526 5258 1591 5312 dura
1606 5256 1719 5320 labellis,

1107 5347 1212 5404 Nesciat
1224 5354 1253 5402 ut
1263 5356 1341 5402 natus
1350 5358 1598 5419 qustuooqnosccre
1611 5356 1733 5400 matrem.

1109 5481 1222 5550 proferre
1235 5496 1387 5536 sermonem.
1403 5480 1468 5536 item
1484 5480 1612 5537 adversus
1629 5483 1758 5537 Proteum
1771 5498 1830 5551 rap.
1842 5485 1895 5539 ii:

1108 5549 1234 5606 Darninrre
1244 5551 1287 5604 dut
1298 5552 1360 5605 milti
1374 5552 1487 5620 linquam
1498 5553 1684 5620 disciplinam
1695 5557 1897 5623 coquasceadum

1106 5619 1209 5692 qnando
1222 5629 1337 5692 oportent
1349 5622 1433 5676 dicere
1447 5638 1596 5678 sermonem.
1616 5625 1681 5678 llam
1697 5626 1802 5694 rttlgatu
1820 5627 1898 5680 lectio

1109 5701 1201 5746 nostra
1215 5691 1242 5746 in
1258 5692 1407 5762 posteriore
1421 5694 1542 5750 membro
1557 5694 1660 5749 diuersa
1673 5704 1723 5748 ost.
