3906 6180
240 265 293 327 ιιι
421 250 426 262 “
799 259 935 320 ιιιοιι
954 258 1107 319 crisconi
1126 235 1314 316 steinensis
1637 273 1640 279 ·
1823 256 1881 315 eso

241 385 340 445 lintius
353 382 494 440 servitium
514 381 598 452 pubes
619 379 745 450 Ligurum
758 377 911 434 duceretur.
927 377 981 433 Nec
1005 377 1032 432 in
1045 379 1073 441 Δ
1085 376 1161 442 siler,
1177 384 1221 432 tua
1250 375 1311 446 plus
1329 374 1384 446 egit
1403 373 1541 439 absentia,
1566 380 1696 444 quantum
1710 373 1722 406 ⁸
1737 373 1882 446 imperarit

241 463 296 534 uno
310 477 369 533 loco
381 487 501 530 sommus
517 473 558 528 tir
572 474 599 528 in
614 471 657 526 illn
673 471 781 542 regione
792 485 823 526 se
842 470 982 537 continuit,
998 484 1032 526 ne
1084 468 1222 526 humilitas
1234 466 1418 537 depretionem
1434 465 1525 522 dicant
1535 464 1585 532 illi,
1601 479 1669 535 quos
1684 465 1718 522 de
1740 466 1880 525 exsulibus

241 566 354 625 iorsitxn
366 567 393 622 in
405 564 684 636 longinquodcgentes
696 562 868 618 dominorum
878 562 970 618 leritas
981 559 1033 617 ini·
1081 546 1233 631 ditissimos
1245 560 1397 618 reddidisti.
1409 559 1492 632 igitur
1502 560 1591 615 omnia
1601 574 1685 630 quara
1702 559 1824 630 piissimo
1838 576 1882 618 rc·

240 662 357 734 pediret.
380 656 441 715 Fuit
461 657 587 728 Genava,
614 656 659 713 ubi
675 656 683 689 ¹
700 654 868 730 Godigisclos
888 670 1033 728 germanus
1082 670 1118 730 gc
1127 669 1177 730 pro
1188 654 1298 712 miseris
1309 669 1357 725 per
1372 654 1495 725 paginam
1512 653 1589 724 petiit
1598 652 1742 723 singularis
1753 655 1880 725 antistes,

241 755 314 826 regis
325 754 408 810 larem
419 761 550 808 statuerat
562 768 570 806 a
583 751 628 822 qui
639 753 649 784 ¹
660 750 758 807 lamam
769 750 895 806 litterum
904 749 1034 806 delibera·
1084 748 1274 806 incunctanter
1285 747 1413 804 obtinuit.
1421 746 1543 804 Serenus
1561 748 1687 817 praestitit
1699 748 1806 816 copiam
1819 763 1883 821 aup-

241 846 323 903 tinnis
337 853 458 913 secutus,
482 843 562 902 bouis
571 842 766 915 operibuseius
779 857 810 900 sc
822 842 927 900 socium
946 841 1032 900 dedit.
1084 842 1211 918 plicanti,
1227 841 1272 898 cui
1286 855 1336 912 pro
1349 840 1568 911 compensatione
1582 838 1682 896 liboris
1695 841 1737 896 sui
1752 839 1807 900 hoc
1821 855 1882 898 cre-

241 939 322 997 Breri
348 947 437 994 tamen
464 945 545 994 unta
568 937 742 996 liberatorum
767 936 914 1008 phalanges
926 936 1034 993 emissas
1087 934 1200 992 debatur
1214 947 1296 1006 posse
1309 931 1447 1000 inlicere,
1458 930 1588 1002 quidquid
1602 946 1651 1002 per
1666 931 1743 993 illum
1758 932 1883 992 bcncticli

242 1041 314 1098 sunt,
324 1039 354 1085 ιι
362 1028 563 1101 sidercsllonge
574 1030 680 1100 lateque
687 1029 838 1100 agminibus
852 1027 984 1084 icruentia
994 1026 1036 1083 iti·
1084 1024 1243 1096 redemptos
1253 1035 1281 1081 at
1296 1038 1398 1095 pauper
1410 1023 1556 1094 acciperet.

242 1137 309 1179 nera
324 1120 547 1189 cumliuiehei,
559 1121 707 1178 tumeliam
719 1118 931 1191 splendidissimi
944 1133 1036 1174 saeer-
1129 1117 1273 1186 Postquam
1289 1124 1378 1172 taineii
1396 1129 1491 1170 ouines
1511 1115 1555 1185 qui
1575 1115 1693 1170 revocati
1708 1113 1830 1182 inerant,
1843 1115 1884 1173 in·

243 1214 316 1270 dctis
329 1213 482 1284 Epipiianii,
493 1213 570 1284 cujus
585 1212 735 1269 ministerio
749 1219 829 1281 atque
843 1211 935 1267 labore
949 1209 1037 1280 erepti
1088 1205 1163 1288 duitu
1175 1205 1335 1278 praeierendi
1350 1206 1480 1276 principis
1490 1204 1552 1276 iure
1566 1219 1616 1263 sito
1629 1204 1721 1263 donati
1735 1215 1808 1274 sunt,
1823 1221 1884 1277 por-

243 1301 361 1371 iuerant,
377 1305 559 1361 redeuntium.
581 1304 616 1360 Et
635 1318 671 1361 ne
686 1302 752 1358 tanti
770 1302 816 1357 lui
831 1310 921 1357 nostra
936 1309 1037 1368 tmpaeo
1088 1297 1208 1378 iunctam
1236 1298 1419 1354 molestiarum
1449 1313 1559 1354 snaroiu
1589 1298 1687 1356 molem
1719 1298 1885 1358 admirabilis

243 1379 365 1453 inuisus
375 1396 538 1466 privaretur,
547 1404 627 1466 atque
639 1395 673 1452 ab
683 1395 769 1452 oculis
779 1395 897 1465 ipsorum
912 1393 1038 1465 puiciier·
1089 1388 1219 1473 censebat
1233 1389 1377 1460 episcopus
1392 1405 1400 1443 :
1415 1404 1476 1445 cum
1495 1389 1608 1446 necdum
1627 1390 1735 1446 biennio
1749 1401 1853 1460 emetat,
1869 1407 1885 1448 a

242 1471 344 1548 'rininni
359 1489 541 1561 spectaculum
556 1488 710 1559 tolleretur,
725 1490 783 1559 ipsc
797 1502 858 1543 cuin
878 1486 920 1542 liis
934 1500 1038 1542 remea·
1088 1480 1246 1539 deliberatae
1263 1482 1362 1552 qnietis
1374 1481 1489 1570 gremio,
1518 1490 1644 1554 tanquam
1659 1498 1674 1538 a
1697 1494 1777 1554 portu
1789 1486 1886 1574 cymba

243 1565 296 1637 rit.
311 1579 423 1638 Videres
433 1580 495 1637 duci
506 1580 533 1636 in
546 1580 688 1650 triumphis
697 1579 854 1636 ctelestibus
865 1578 960 1648 vulgus
972 1576 1039 1633 libe·
1090 1573 1153 1632 aliis
1169 1574 1250 1631 inlata
1265 1583 1424 1646 tempestate
1442 1576 1609 1647 propellitur.
1626 1576 1691 1632 llam
1709 1577 1825 1635 inlirmis
1837 1579 1884 1638 lt-

243 1652 316 1738 rum,
329 1679 356 1725 et
366 1686 414 1740 pro
429 1670 631 1728 mactandorum
642 1669 771 1741 sanguine
784 1678 885 1725 terram
900 1665 1038 1723 madefieri
1092 1682 1189 1739 gurum
1202 1677 1229 1724 et
1242 1667 1395 1725 labantibus
1410 1669 1530 1726 inumeris
1541 1671 1586 1726 rix
1600 1671 1709 1728 ierenda
1725 1671 1886 1730 tributorum

245 1751 372 1833 iacrymis
388 1761 582 1818 exsultantium
603 1778 610 1815 :
631 1775 692 1819 cum
712 1760 780 1816 Eliae
800 1775 907 1816 currum
928 1761 1040 1815 istarum
1053 1776 1080 1839 h
1092 1761 1196 1817 sarcina
1211 1760 1401 1818 mandabatur.
1418 1762 1522 1818 llursns
1533 1762 1567 1819 ad
1583 1773 1626 1830 te,
1647 1762 1808 1823 alllictoruni
1822 1779 1886 1824 coti·

246 1851 398 1909 cohortium
413 1852 510 1909 ductor
524 1852 682 1918 scanderet,
697 1860 725 1908 et
737 1850 922 1922 quadrijugum
935 1849 968 1905 aii
983 1864 1040 1905 cae·
1093 1852 1206 1920 solator,
1228 1853 1388 1909 accurritur.
1403 1851 1414 1885 ⁸
1429 1853 1547 1910 [luceres
1566 1853 1662 1910 liusira
1677 1854 1825 1915 reddidisse
1839 1872 1886 1928 pa·

245 1927 323 2001 lestis
338 1959 387 2015 pto
397 1945 494 2001 merito
504 1959 553 2002 suo
565 1951 705 2012 raperetur
718 1957 843 2000 excursu.
857 1941 915 1998 lion
928 1941 969 1997 sic
982 1940 1042 1997 eet·
1095 1943 1154 2000 triae
1175 1944 1264 2010 circs,
1288 1942 1312 1999 si
1325 1943 1380 2000 illls
1392 1944 1419 1998 iii
1433 1943 1492 1999 solo
1510 1943 1581 2002 arito
1607 1943 1817 2024 periclitantibus
1830 1960 1887 2007 noa

246 2017 314 2092 iaeus
327 2035 451 2107 princeps
466 2035 631 2106 Alexander,
646 2050 725 2107 quem
740 2044 895 2106 pacatorem
909 2033 982 2089 orbis
995 2046 1042 2089 io·
1057 2027 1063 2038 '
1094 2038 1214 2094 adesses.
1230 2035 1263 2092 lit
1277 2036 1339 2108 quia
1361 2035 1432 2106 apud
1454 2046 1480 2093 te
1494 2051 1630 2107 nunquam
1645 2035 1769 2110 fatigatus
1782 2048 1824 2095 est
1837 2039 1887 2108 otii

247 2112 320 2183 &Vll
332 2141 401 2183 llll&
414 2127 548 2194 laudatio,
561 2135 667 2198 tillium
684 2125 804 2198 lentium
820 2124 897 2180 dtuli
917 2136 1042 2190 examen,
1094 2128 1211 2200 rogarit,
1231 2129 1374 2198 suscepisti
1392 2143 1488 2185 causas
1503 2127 1660 2196 inlelicium,
1674 2139 1703 2185 et
1719 2140 1744 2186 te
1763 2131 1887 2200 protinus

247 2208 279 2274 ut
292 2219 343 2277 iste
354 2221 501 2278 revocarit.
515 2219 587 2277 Ecce
599 2219 661 2276 hinc
673 2219 855 2291 comperimus
876 2224 1041 2277 armatorum
1092 2221 1129 2291 ad
1144 2221 1261 2278 recidiua
1281 2236 1363 2278 onera
1387 2223 1555 2294 praeparasti.
1577 2222 1730 2280 ilaseiinani
1746 2226 1887 2294 pronubis

247 2319 355 2368 menies
377 2312 523 2368 sancliiale
550 2320 701 2381 supersita,
724 2318 750 2366 el
775 2309 891 2366 cessisse
916 2306 1043 2378 precibus
1092 2330 1187 2387 regern
1206 2323 1348 2386 rogaturus
1362 2316 1500 2383 excurris;
1514 2331 1595 2387 quam
1610 2331 1644 2373 lle
1658 2324 1685 2374 is
1700 2316 1887 2389 ibiquisqum

249 2407 329 2464 electi
344 2405 503 2478 principem,
521 2405 566 2476 qui
586 2403 693 2460 obvium
712 2417 820 2474 semper
835 2402 935 2458 lanceis
948 2409 1043 2471 peetus
1092 2419 1157 2485 posi
1179 2409 1313 2465 Gallicana
1341 2408 1454 2480 insignia
1478 2408 1614 2477 laudaret,
1633 2409 1778 2481 cingeris.
1800 2411 1886 2469 liiiiss

249 2496 371 2573 ingessit.
384 2498 518 2567 Quantum
530 2499 581 2556 luit
590 2496 694 2556 acutior
708 2497 865 2566 verborum,
884 2512 964 2570 quam
978 2497 1042 2558 terri
1094 2500 1174 2585 ercli,
1192 2501 1424 2573 procellarumque
1441 2501 1616 2570 discrimina,
1639 2502 1726 2561 ailltiic
1745 2505 1821 2576 quasi
1835 2507 1888 2565 aeri

249 2592 364 2661 lamina,
378 2590 441 2649 hinc
456 2591 541 2648 lector
555 2605 671 2663 agnosce
686 2609 693 2644 :
710 2591 876 2663 expugnarit
888 2605 988 2659 sermo,
999 2591 1043 2647 ciii
1094 2588 1215 2671 integer,
1235 2602 1282 2648 aut
1300 2592 1417 2650 valentia
1436 2595 1560 2664 corporis
1577 2596 1712 2664 munitus,
1728 2611 1885 2668 exsupera.

248 2700 280 2742 ac
295 2684 375 2756 gladii
389 2683 581 2740 subduxerant.
605 2682 672 2740 huin
692 2697 757 2752 ergo
773 2682 959 2740 terticmense
980 2696 1042 2739 cim
1095 2681 1236 2754 Nunquam
1261 2683 1309 2739 tilii
1328 2684 1364 2739 ad
1388 2684 1508 2741 cilicium
1534 2687 1691 2743 animorum
1710 2702 1741 2744 se
1767 2688 1888 2747 membra

248 2779 296 2836 tali
311 2788 412 2849 tropaeo
421 2777 545 2834 'licinum
559 2784 694 2833 remearet
708 2775 832 2845 antistes,
846 2785 875 2831 ιι
889 2774 1042 2831 ⁸Taranta·
1095 2775 1220 2846 quamris
1231 2775 1349 2832 invalida
1359 2775 1559 2847 subduxerunt:
1570 2778 1778 2850 lrigtiqpiurim,
1788 2780 1887 2850 Padus,

247 2872 317 2931 siam
328 2871 402 2927 venit
413 2870 465 2943 (sic
479 2869 551 2926 enim
566 2869 699 2925 vocitatur
713 2868 839 2939 oppidum
852 2867 965 2938 Alpibus
977 2866 1043 2924 rici·
1092 2865 1210 2938 jejunia,
1226 2866 1380 2940 nauigatio,
1403 2869 1565 2940 periculum,
1588 2873 1716 2940 tonitrua,
1737 2873 1797 2931 sinc
1816 2882 1889 2932 tecta

248 2963 337 3036 num),
362 2964 399 3020 lbi
413 2951 545 3035 ¹quaedam
569 2960 665 3018 mulier
684 2961 759 3033 graii
783 2959 913 3016 immundi
932 2959 1042 3030 spiritus
1096 2959 1200 3015 mansio
1222 2960 1249 3015 in
1273 2960 1338 3031 ripis
1361 2960 1498 3032 huminis,
1514 2964 1609 3022 incerti
1632 2980 1702 3037 pcec
1727 2967 1788 3025 sitis
1816 2975 1889 3026 terra

248 3056 391 3113 reiatione
403 3052 560 3110 laborabat:
576 3067 636 3124 quae
655 3053 784 3108 continuo
794 3058 919 3122 percepta
933 3049 1043 3106 henedi-
1097 3061 1203 3122 portus,
1219 3052 1311 3109 virtuti
1323 3065 1375 3109 tuae
1387 3054 1474 3112 dulcia
1488 3056 1606 3126 fuerunt,
1617 3066 1644 3114 et
1656 3066 1730 3130 grata
1741 3061 1886 3118 successui.

247 3147 337 3209 ctione
352 3144 473 3203 absoluta
487 3143 622 3202 discessit.
638 3141 698 3214 lpse
712 3152 801 3200 tamen
819 3142 876 3200 suis
889 3141 1043 3213 inopinatus
1056 3158 1082 3226 ss
1097 3130 1109 3175 '⁸
1123 3141 1303 3201 Contristetus
1317 3154 1358 3202 est
1372 3146 1556 3218 deprimentia
1571 3148 1609 3205 tui
1628 3157 1656 3206 et
1669 3149 1715 3207 ille
1732 3151 1890 3210 einiuantis·

247 3251 300 3297 nec
313 3237 505 3306 suspicantium
521 3235 606 3291 oculis
619 3234 716 3291 astitit.
730 3234 813 3290 Viatia
834 3244 877 3290 cst
889 3234 989 3301 subito,
1007 3233 1043 3291 dc
1096 3235 1181 3294 simus
1198 3253 1255 3305 rei,
1268 3239 1314 3309 qui
1334 3248 1361 3296 te
1379 3238 1471 3298 ridere
1491 3240 1642 3299 ambienter
1661 3244 1781 3315 optabat.
1797 3245 1890 3318 lixpof

247 3343 303 3400 qno
317 3329 363 3382 iix
377 3325 536 3382 credebatur
548 3326 644 3395 aliquis
659 3339 740 3397 posse
754 3339 847 3381 rumor
862 3322 961 3379 audiri.
1095 3329 1172 3386 suisti
1187 3330 1364 3389 necessitates
1374 3342 1481 3390 nostras
1494 3333 1609 3392 adventu
1624 3344 1679 3405 tuo,
1694 3345 1837 3410 antequam
1849 3335 1890 3410 itt·

285 3418 345 3476 bloi
362 3427 451 3474 mmeu
463 3423 494 3473 ut
506 3415 597 3483 rediit,
613 3417 686 3472 curis
706 3431 741 3473 cx
754 3429 830 3472 more
844 3415 964 3472 animum
979 3414 1043 3472 iati-
1094 3422 1183 3486 ceres,
1194 3428 1222 3478 et
1230 3418 1323 3492 quales
1338 3432 1426 3495 tecum
1441 3423 1617 3483 liabitantlum
1632 3427 1758 3501 lacryma
1771 3440 1798 3488 te
1814 3444 1889 3490 coar·

252 3518 311 3583 gat,
334 3525 369 3568 ne
386 3509 456 3565 lorte
471 3507 569 3579 quibus
591 3507 788 3565 absolutionem
813 3507 883 3564 liens
898 3523 946 3578 per
967 3507 1042 3564 illuni
1095 3512 1225 3585 puleriat,
1238 3514 1389 3572 docuerunt
1406 3528 1533 3588 superata
1553 3517 1718 3576 discrimina.

248 3601 378 3666 dederat,
403 3599 504 3671 proprii
530 3612 630 3655 mosiis
649 3593 828 3669 ‘possesione
849 3599 1042 3665 turbarentnr;
1131 3605 1235 3662 esttibi
1250 3606 1283 3662 ad
1295 3606 1442 3679 principem
1457 3611 1803 3684 tameniugressnsest,ita
1815 3613 1888 3687 loqui

247 3692 385 3763 praecipue
399 3692 434 3747 ob
444 3689 576 3748 nobilium
591 3691 833 3751 considerationem
844 3706 1041 3764 personarum:
1095 3693 1187 3769 erepit.
1205 3717 1215 3752 i
1230 3697 1326 3775 Solita,
1340 3716 1387 3758 rex
1397 3703 1568 3772 venerabilis,
1584 3705 1681 3764 mentis
1695 3707 1889 3775 tranquillitate

247 3783 347 3856 quibus
361 3783 504 3840 immanior
515 3783 588 3855 apud
601 3797 667 3842 suos
677 3793 783 3855 poterat
795 3793 920 3841 censure
932 3783 1045 3840 calami·
1096 3789 1257 3847 famulorum
1273 3806 1369 3862 pieres
1383 3793 1501 3866 intelligo
1512 3813 1519 3850 ε
1531 3807 1560 3852 et
1573 3812 1617 3851 ine
1626 3796 1660 3853 nd
1672 3796 1830 3867 postulanda
1840 3812 1888 3854 ne·

247 3887 300 3942 tas.
312 3876 335 3932 ιί
348 3877 429 3933 vitm
442 3877 549 3947 inopom
562 3877 677 3934 Musti
690 3876 867 3946 imbuerent.
880 3883 909 3932 el
922 3875 956 3932 (10
965 3890 1044 3946 pere·
1096 3885 1224 3952 cessaria,
1238 3895 1266 3941 ct
1281 3900 1328 3942 rus
1343 3887 1377 3945 ad
1392 3887 1533 3945 tribuenda
1548 3903 1613 3945 usus
1628 3887 1762 3946 lnlormal.
1773 3888 1828 3946 hex
1844 3899 1889 3946 tua

247 3969 407 4042 grinnionis
435 3967 613 4027 incommodis
642 3970 699 4026 sola
724 3969 919 4029 misericordiae
946 3967 1042 4026 solatia
1095 3972 1150 4053 ost,
1164 3974 1261 4033 ductor
1280 3977 1387 4046 invicte,
1401 3979 1524 4036 misereri
1542 3978 1642 4051 iugiter
1657 4000 1665 4035 ε
1682 3989 1710 4038 tii
1723 3989 1830 4053 semper
1842 3998 1891 4041 iia·

246 4060 439 4134 perdidissent.
462 4061 504 4117 dd
519 4076 610 4132 regem
624 4060 832 4119 invictissimum
847 4059 1043 4119 Theodericum
1096 4067 1168 4124 tristi
1178 4083 1254 4138 spem
1268 4069 1471 4128 intercessionis
1485 4073 1512 4127 in
1532 4080 1681 4143 posterum,
1691 4074 1755 4129 disin
1770 4088 1891 4146 precem
1938 4087 1940 4089 ’

188 4172 190 4176 ’
248 4164 342 4230 perse
357 4151 566 4209 morirenolsit
579 4167 586 4206 :
599 4151 717 4210 nclorts
731 4151 830 4209 liboris
854 4151 1043 4209 suiricissitu·
1096 4157 1169 4214 tibus
1183 4174 1237 4216 nori
1256 4163 1385 4218 resistis:
1411 4163 1482 4219 ulain
1495 4164 1686 4235 supplicationi
1700 4172 1804 4222 nostra
1817 4173 1890 4238 pate·

249 4240 340 4297 diiieiii
353 4243 380 4297 iii
392 4240 528 4300 relatione
540 4243 698 4316 gratiarnm,
708 4254 755 4302 aut
766 4245 795 4300 in
806 4243 971 4301 exhibitione
983 4259 1043 4302 mii·
1096 4248 1162 4307 ierit
1174 4251 1208 4308 ad
1222 4252 1333 4324 reliqna,
1346 4268 1455 4325 seiriper
1470 4255 1539 4326 apud
1553 4271 1601 4312 ros
1622 4256 1746 4316 beneficii
1759 4257 1828 4314 lides
1842 4258 1891 4315 iin-

247 4344 343 4388 ncruui
352 4345 442 4388 eoram
454 4332 559 4402 positus
569 4334 706 4412 rideretur
720 4333 847 4407 ιιίιιιιι
860 4335 1042 4407 liagitatenim
1096 4343 1203 4412 petrati.
1222 4343 1364 4417 liguribus
1378 4347 1432 4401 tuis
1450 4346 1550 4418 largire
1563 4348 1635 4419 quod
1650 4348 1788 4420 proferas:
1803 4350 1891 4405 tribue

248 4422 324 4494 quasi
341 4421 459 4480 debitam
473 4425 690 4493 retributionem,
716 4427 762 4498 qui
777 4426 925 4499 profligatis
937 4427 1042 4498 princi·
1096 4433 1168 4502 quud
1178 4449 1313 4506 reponas:
1328 4435 1478 4494 futurorum
1488 4437 1607 4510 quastus
1618 4450 1670 4509 est,
1679 4440 1840 4512 ternporall's
1851 4441 1892 4500 iii·

247 4526 312 4582 piam
330 4513 506 4583 iussionibus,
520 4517 577 4586 ipse
593 4517 657 4588 quid
671 4526 761 4574 actoni
777 4520 813 4575 sit
827 4527 921 4575 auctor
937 4532 1044 4575 annun·
1056 4543 1086 4608 Β
1096 4523 1243 4597 dulgentia.
1270 4525 1337 4583 iloni
1365 4528 1495 4600 principis
1510 4544 1568 4587 mos
1590 4540 1644 4599 est,
1667 4547 1729 4590 euni
1748 4530 1892 4590 uirtutibus¹

247 4603 309 4660 siat.
338 4605 394 4664 lloc
417 4622 482 4680 ergo
495 4608 542 4664 llle
565 4609 647 4665 totius
667 4609 798 4666 acuminis
818 4609 859 4666 rii·
876 4612 1045 4681 prospiciens
1098 4614 1316 4686 amarissimam
1332 4629 1360 4676 et
1384 4637 1494 4693 regnum
1512 4624 1549 4682 ita
1561 4625 1699 4695 ordinare,
1716 4635 1843 4697 tanquaiii
1857 4627 1893 4682 sil

249 4694 385 4755 declinare
409 4699 551 4770 stititbti·
574 4698 689 4770 &libili
712 4709 812 4768 limen.
838 4708 867 4758 ti
885 4717 947 4772 (³¹¹ae
967 4710 1044 4774 sealt
1098 4709 1191 4782 stirpis
1213 4724 1270 4767 sua
1293 4721 1416 4782 posteros
1441 4717 1628 4773 transiturum.
1645 4717 1776 4775 Nutantes
1790 4718 1894 4776 domitii

247 4796 323 4855 mni·
337 4788 411 4858 *tilii
422 4790 706 4861 mimihilt
723 4806 758 4849 Μ
776 4800 823 4848 ⁸¹¹¹
843 4793 959 4850 ῑιθθῦῦθ
978 4807 1044 4851 0⁰¹¹·
1099 4805 1158 4863 baec
1177 4814 1282 4864 taurim
1295 4823 1355 4880 qna
1371 4807 1514 4882 aselpiunt,
1534 4811 1669 4885 diligunt:
1685 4811 1831 4870 trntsstml
1845 4811 1894 4873 iiia

248 4886 376 4947 iempiol',
396 4890 443 4936 illi
461 4884 629 4940 decutiendo
650 4898 698 4955 pet
713 4884 894 4956 moguntiam
918 4902 1041 4955 prulliill·
1098 4897 1201 4973 potius,
1220 4915 1280 4971 quae
1294 4898 1440 4958 dimittunt.
1456 4902 1501 4961 Sic
1515 4903 1595 4961 ienis
1607 4904 1711 4965 semim
1724 4918 1894 4974 pamm·

249 4968 361 5025 tiaretur
371 4970 560 5041 intemperans.
570 4973 703 5041 Quantum
715 4983 778 5030 tuuc
804 4975 961 5032 admirande
972 4991 1038 5049 pnn-
1099 4991 1241 5061 mrprmug,
1256 5000 1286 5047 qr
1299 4993 1472 5064 murqppm
1484 4995 1641 5066 “95ng2
1665 4996 1745 5054 rm„
1757 4999 1818 5054 ,pne
1836 4997 1894 5055 αι,

248 5104 320 5168 sius;
336 5103 443 5187 tertiam
457 5120 486 5161 iii
498 5108 694 5189 restauratione
715 5107 865 5191 handstcrii
881 5109 910 5166 itt
932 5112 1043 5170 civitate
1135 5121 1145 5152 ³
1161 5119 1350 5194 ruminanti]
1362 5121 1518 5183 tinius·
1533 5128 1601 5185 cliiii
1677 5131 1705 5186 di
1719 5143 1830 5198 ιιιιιιι,
1844 5131 1893 5188 hi·

248 5188 297 5229 sua
312 5172 413 5257 Vienna
425 5191 433 5242 ;
446 5183 568 5248 quartam
579 5177 771 5262 inbasilicas.
787 5179 869 5247 Petri,
882 5194 962 5251 quain
975 5197 1041 5239 san·
1096 5187 1171 5261 plinii
1185 5191 1326 5249 Graiaru-
1340 5203 1431 5263 caput.
1444 5196 1489 5253 Sic
1502 5200 1575 5255 anim
1589 5211 1617 5255 ei
1630 5216 1658 5256 in
1671 5209 1763 5257 vetere
1775 5202 1891 5257 itinera·

248 5245 641 5374 litttdtlttitttttt
660 5249 1042 5380 mimmii?
1096 5258 1265 5387 itdtlt·
1279 5263 1427 5390 iiim
1447 5267 1556 5351 mm*
1577 5286 1658 5354 ...n
1673 5273 1890 5398 ..Qni-

248 5334 1039 5464 etatiasquarelimertpiioiitiostpstinintnmqnantum’
1095 5400 1144 5456 sed
1160 5347 1368 5474 ιζιιιῗῖιιιιιο,
1392 5347 1891 5480 ῗὲἒιῗιῗὲιῃῖἳῧιῖηὲὲῃιωθξῗιωυὲ

244 5456 290 5513 sui
311 5457 473 5514 desiderium
488 5457 618 5523 excitant,
632 5459 859 5590 ,reliquorumgue
873 5463 944 5547 beati
966 5467 1038 5550 Ariti
1098 5472 1198 5528 ritatis.
1214 5472 1305 5544 ltaque
1318 5488 1410 5532 contra
1422 5479 1460 5533 iili
1475 5481 1571 5537 accidit
1585 5498 1666 5554 quani
1682 5485 1816 5554 plerisque
1829 5484 1891 5540 aliis

251 5538 360 5596 opernm
374 5545 434 5599 qaas
448 5536 591 5584 recensent
605 5528 723 5585 isidorus
735 5534 801 5589 ath
820 5535 1036 5594 ollieniiensis..
1097 5540 1190 5599 Gallim
1202 5545 1278 5616 locis,
1293 5555 1322 5602 ut
1333 5549 1457 5618 princeps
1470 5554 1596 5622 oppidum
1611 5555 1714 5626 regioni
1727 5569 1828 5614 nometi
1838 5554 1888 5612 da·

266 5597 293 5677 ,¹
310 5595 483 5672 Goiiiqiiclitt]
497 5597 535 5654 lta
557 5600 679 5657 scribunt
692 5599 752 5684 libri
768 5619 938 5689 omnesones
953 5607 1038 5664 Gudi-
1094 5619 1149 5681 rst,
1163 5629 1217 5672 oon
1230 5618 1304 5686 regio
1319 5631 1369 5672 seu
1382 5619 1476 5678 civitas
1490 5623 1600 5694 oppido.

248 5665 366 5733 gisllum,
383 5677 411 5722 ut
421 5668 533 5739 vulgatae
548 5668 646 5727 liabent
660 5671 790 5731 editiones
806 5675 926 5750 Gregorii
948 5677 1036 5735 Tuto·
1131 5682 1291 5755 ⁸Bolland.,
1306 5687 1460 5755 impetrarit.

249 5737 340 5789 tensis
354 5738 530 5807 aliomrsque.
1005 5786 1008 5791 ·
1132 5753 1241 5823 ‘ttoni
1259 5758 1368 5814 docaria.

273 5806 283 5835 ¹
300 5807 393 5863 schot.
407 5819 434 5864 et
449 5808 581 5873 bolland..
598 5811 717 5876 ¹tornitrui.
1052 5811 1062 5898 't
1132 5822 1144 5854 ⁸
1158 5823 1288 5885 Batonius
1301 5824 1333 5887 ex
1351 5827 1411 5888 Vnt.
1425 5834 1487 5894 rod.
1514 5837 1662 5899 camalam
