3906 6180
117 328 170 388 stu

117 445 153 501 {5
190 443 307 500 lincclnts
321 458 431 499 munera
445 444 568 500 contulit.

186 533 241 605 80
256 535 350 603 Signat
365 545 482 602 tempore
499 531 613 603 propriis

189 627 290 694 hptsns
306 624 401 680 olllciis
417 624 500 689 heus,

188 712 241 767 Nec
254 726 320 780 ortos
333 714 392 782 ipse
406 713 536 777 coercuit,

188 802 292 858 Misceri
310 803 408 869 potitur
422 802 502 856 vices.

116 894 153 948 20
188 892 235 948 Sic
247 891 318 960 quod
335 892 464 961 praecipiti
481 890 523 945 titt

190 982 297 1038 Certum
313 983 414 1038 deserit
428 982 562 1046 ordinem,

189 1074 277 1130 Letos
290 1089 344 1129 non
359 1075 439 1130 ltnhet
454 1073 552 1128 esitus.

386 1183 440 1254 82
459 1180 570 1238 tuost
591 1179 636 1234 Vl,
748 1238 750 1242 ,

120 1275 313 1330 morsurus·
334 1273 558 1341 -Philosophia
581 1269 700 1324 Raetiam
727 1265 906 1331 interruptus,

580 330 624 388 hh
642 321 901 388 CONSOLthONll
920 313 1155 378 eustosohtttm
1174 315 1238 372 itu.
1259 315 1280 370 l.

695 442 697 446 ‘
914 438 940 496 Α
985 431 1103 487 eumdem
1116 427 1182 497 sopit
1195 425 1270 496 fateri
1283 439 1310 478 ss
1327 422 1418 484 Deum,
1434 427 1458 475 et
1473 417 1633 478 semetipsam
1647 419 1742 488 partim

1688 309 1742 367 sto

981 514 1142 571 ,capnosrere
1157 497 1295 561 pattimutte
1305 495 1425 565 iantrare
1438 507 1447 545 .·
1462 490 1534 569 unde
1546 488 1592 541 illo
1607 488 1744 544 lumioead

994 567 1125 640 pellendas
1147 566 1194 617 ltus
1214 565 1293 618 animi
1313 564 1426 616 tenebras
1443 576 1469 613 ss
1493 559 1612 626 detnceps
1640 573 1746 639 usurum

992 646 1086 700 mouet,
1098 644 1126 688 ut
1145 634 1265 687 sciliceta
1279 633 1344 686 notis
1359 632 1392 683 ad
1409 632 1537 701 iptrota,··a
1547 626 1749 698 persuasissimis

993 707 1028 762 ad
1042 721 1093 760 nott
1105 719 1226 772 persuasa
1237 703 1283 770 fiat
1299 715 1457 771 proptereat.

994 795 1114 851 Primum
1125 791 1205 860 igitur
1221 792 1354 861 paterisne
1368 803 1411 843 me
1422 797 1436 827 ⁸
1449 785 1572 856 pauculis·
1582 786 1590 816 ¹
1602 783 1750 854 rogationi·

958 888 1010 942 hus
1023 892 1123 940 staturn
1139 891 1192 937 ture
1206 881 1306 936 mentis
1320 879 1461 949 attingere,
1486 885 1566 946 stoue
1580 884 1695 940 tentare,
1709 882 1750 942 ut,

957 980 1001 1049 otti
1014 978 1107 1034 modus
1121 977 1157 1032 sit
1177 983 1229 1029 tue
1248 974 1414 1040 curationis,
1427 968 1616 1040 intelligentib
1631 968 1671 1023 Tu
1686 982 1752 1024 rero

957 1071 1097 1133 sthimia,
1110 1068 1229 1137 inquens,
1246 1073 1292 1119 tuo
1309 1074 1321 1103 ι
1336 1079 1394 1133 qum
1408 1062 1492 1126 voles,
1512 1067 1543 1114 ut
1557 1072 1747 1128 responsurum

957 1170 1061 1233 rogato.
1075 1157 1089 1197 <¹
1104 1158 1172 1215 ‘lum
1188 1157 1243 1223 ills,
1257 1156 1311 1227 83
1327 1155 1493 1220 ἸΙιιιιιιιιιι,
1511 1152 1607 1220 lnquit,
1618 1150 1748 1208 mundum

960 1251 1110 1309 temerariis
1124 1249 1167 1319 api
1187 1246 1357 1317 fortuitisque
1370 1243 1478 1301 casihns
1502 1249 1590 1312 putus,
1603 1256 1638 1296 sn
1665 1242 1749 1298 ullum

791 1383 1078 1446 tntenrnurnrto.
1170 1361 1173 1364 ’

120 1533 168 1574 tua
180 1517 238 1572 ittee
250 1517 318 1570 dona
338 1524 461 1569 auttunuo
482 1514 658 1584 potiusquam
676 1521 759 1588 rcrpo
775 1511 906 1582 ternpore.

122 1589 191 1640 treus
209 1595 280 1640 uolat
302 1595 429 1639 ntanrento
447 1585 547 1645 omnis,
570 1598 617 1634 ¹sun
637 1580 745 1649 sinpuhs
764 1571 909 1656 nruoettlms

121 1656 329 1716 meontmodans,
350 1670 430 1722 neque
452 1655 511 1705 sinit
532 1652 663 1713 ordinem,
683 1663 756 1716 quom
770 1649 908 1713 tpsernstt·

122 1727 179 1790 teil,
191 1726 297 1779 turbari.
312 1724 448 1794 Propterea
466 1721 590 1791 quidquid
607 1717 794 1772 iocortsidernto
810 1719 909 1765 rotrotte

122 1796 213 1863 linquit
233 1795 347 1849 ordinem
362 1796 548 1862 prescriptam,
566 1792 590 1844 id
603 1806 653 1843 non
671 1788 765 1840 ohtinet
777 1780 908 1853 jucurrdor
922 1827 945 1886 B

123 1875 234 1919 millii!-

999 1504 1012 1531 ι
1029 1490 1187 1557 Quihrtsdum
1201 1504 1269 1558 quas
1291 1489 1399 1542 resculis.

999 1563 1011 1601 ὓ
1031 1563 1116 1631 lnquit
1128 1559 1307 1618 Philosophia.

999 1643 1009 1671 ι
1028 1635 1118 1698 Qrtare
1132 1632 1200 1698 puod
1213 1629 1346 1698 placuerit,
1360 1627 1441 1696 iuquit
1455 1628 1573 1698 lioctins,
1588 1632 1632 1686 tihi
1646 1647 1747 1702 tctpott·

961 1705 1090 1826 degam
1108 1767 1274 1838 Philosophia
1285 1767 1330 1818 uit.

877 1953 993 2014 uultu.

124 2094 178 2147 tur,
189 2085 279 2154 potius
289 2098 369 2153 qusm
379 2097 463 2138 verno
474 2092 609 2151 ternpore:
623 2077 692 2147 «pund
706 2076 780 2155 etnim
789 2069 909 2152 Bocchus

124 2154 247 2209 intentor
261 2155 313 2208 riui
328 2153 465 2218 hahentur,
480 2165 578 2207 ottrnns
589 2148 684 2203 Bacchi
700 2154 742 2201 est
756 2158 859 2224 urorum,
870 2154 909 2222 rr·

125 2239 189 2278 num
202 2232 291 2278 sutem
307 2238 358 2277 nott
376 2237 450 2287 rere,
466 2222 513 2276 sed
530 2232 659 2275 automno
672 2228 836 2293 compressus
850 2223 908 2264 urts

124 2292 235 2348 elhuerc
255 2292 412 2348 consuerit:
429 2306 512 2359 usque
525 2291 592 2343 adeo
616 2301 718 2350 messe,
739 2284 867 2363 llorrhus,
881 2289 909 2335 et

125 2363 257 2416 uindemio
269 2370 384 2425 eotrstnt,
397 2377 445 2415 sun
456 2361 567 2431 suspulis
582 2358 662 2413 rehus
677 2365 832 2425 pruscrtptu
847 2362 908 2406 esse

124 2432 253 2486 diuinitus
266 2440 394 2500 tempora.

163 2500 204 2556 ttt.
226 2501 317 2568 Sipnat
335 2509 449 2566 tempora
469 2499 578 2569 propriis
598 2506 689 2563 aptans
708 2495 795 2564 officiis
816 2489 907 2563 licus]

126 2569 197 2624 Deris
210 2571 281 2623 coint
292 2578 333 2623 ost
344 2570 426 2636 prima
440 2584 519 2623 cousn
535 2582 587 2622 non
599 2569 685 2620 solnm
698 2580 786 2618 rerum
798 2574 909 2617 caetern-

125 2655 197 2701 rurn,
219 2639 267 2693 sed
289 2640 428 2693 modorum
450 2640 530 2692 etisnr
545 2636 663 2691 onmium
683 2636 779 2704 quihrss
798 2646 841 2686 res
855 2632 909 2712 illm

124 2719 199 2765 reete
217 2721 247 2763 sc
260 2710 368 2772 trahent,
382 2708 449 2761 adeo
464 2715 494 2762 ut
507 2706 572 2760 nihii
589 2719 682 2760 eorunm
696 2705 843 2770 contingat,
857 2714 908 2755 nrst

124 2777 273 2833 secuudum
288 2777 359 2846 leges
371 2776 459 2830 divina
476 2777 609 2830 volrrntsts
624 2780 752 2827 statutas:
770 2779 907 2839 propterea

125 2845 295 2902 Ecclesiaste
313 2860 362 2900 ttt:
382 2846 475 2900 Otroia
494 2857 592 2911 tempus
609 2841 735 2895 hahentes
755 2841 807 2894 suis
820 2840 908 2909 spatiis

125 2925 256 2970 trusssuat
276 2918 392 2970 uniuerso
406 2918 452 2969 suh
465 2918 537 2969 colo.
554 2913 661 2984 Tempus
676 2912 794 2964 nascendi
807 2921 830 2961 et
846 2921 908 2962 tem·

124 2985 454 3055 praeostendimus
475 2984 608 3054 plantandi
629 2993 651 3035 et
672 2993 769 3048 tempus
786 2977 908 3032 evellendi

123 3053 193 3120 auid
208 3056 351 3123 plantatum
363 3068 409 3119 est,
421 3064 475 3108 etc.
488 3055 553 3108 ttius
563 3067 626 3120 eptas
642 3053 705 3104 tices
718 3049 787 3102 Deus
800 3048 909 3102 eumeuii

125 3139 173 3178 sua
199 3127 324 3179 nimirum
352 3125 565 3177 cotrstuntissima
594 3122 749 3183 volutttete,
777 3118 825 3172 ltus
855 3132 909 3171 nott

160 3193 224 3247 titur
238 3193 345 3249 nuisceri
363 3194 420 3248 sito
438 3193 539 3247 turhsri
554 3209 561 3243 ι
582 3191 628 3247 Sic
642 3191 770 3244 Phaedrus
785 3187 804 3242 Ι.
818 3202 837 3254 ι,
853 3187 907 3242 lah.

168 3263 303 3331 loquitur:

185 3351 289 3402 Athene
299 3363 353 3400 cum
364 3350 483 3401 florerent
490 3352 569 3412 equis
579 3349 685 3412 legibus,

184 3412 278 3462 Procax
291 3413 528 3463 lihestssciritsteut
539 3415 635 3462 miscuit

161 3493 228 3548 ilinc
248 3493 401 3564 philosophi
414 3508 507 3550 eruere
518 3501 662 3563 potuerunt
675 3489 796 3560 qrraednor
811 3487 911 3558 prinoi-

123 3562 166 3633 pis
177 3564 272 3633 qrrihus
284 3564 429 3619 innituntur
440 3563 685 3618 demonstrationes
699 3573 766 3631 quas
780 3559 813 3615 de
826 3567 911 3614 mate-

125 3633 165 3687 ris
180 3633 354 3702 philosophice
369 3633 488 3702 sunjects
503 3632 656 3687 conlicisnt.
831 3647 832 3650 ¹

157 3703 204 3756 ill.
219 3701 263 3756 Sic
280 3704 347 3771 quod
366 3704 491 3772 precipiti
505 3705 564 3771 uia,
579 3700 643 3772 cte]
666 3697 845 3767 Praecipitatio
858 3698 909 3753 elie

122 3780 166 3827 est
177 3773 314 3841 corporis,
328 3772 378 3825 stis
392 3773 500 3826 mentis.
517 3772 698 3840 Precipitatio
714 3770 852 3838 corporis,
867 3767 908 3821 in·

121 3842 180 3912 quit
199 3842 228 3897 S.
244 3840 360 3895 Thomas
371 3883 378 3908 ,
391 3841 448 3906 Μ,
463 3857 489 3908 q.
505 3843 555 3903 55,
576 3855 602 3894 s.
620 3844 648 3904 5,
665 3841 691 3893 in
710 3839 762 3894 hoc
775 3847 906 3901 uersatur,

121 3910 192 3980 quod
205 3924 302 3980 corpus
315 3927 332 3963 a
346 3912 470 3980 superiori
483 3913 509 3964 itt
522 3914 572 3964 ima
585 3911 697 3979 persenit
709 3909 847 3962 secandam
858 3909 908 3961 im·

121 3991 207 4048 petum
221 3980 354 4048 quemdam
369 3981 466 4052 proprii
479 3991 563 4034 motus
576 3981 616 4034 uel
629 3980 739 4048 alicujus
752 3977 907 4048 impellentis

120 4065 172 4103 nors
190 4050 307 4104 ordinate
328 4050 500 4104 descendendo
525 4067 570 4120 per
594 4052 702 4121 prades.
728 4049 905 4115 Praecipitstio

120 4131 186 4174 sero
200 4120 298 4174 mentis
310 4129 351 4174 est
364 4120 589 4175 inconsideratum
604 4121 638 4175 de
649 4120 738 4186 ignoto
750 4116 879 4185 judicium
894 4132 903 4169 ε

122 4188 234 4244 interior
254 4190 351 4258 quippe
368 4193 424 4242 reri
438 4193 558 4257 certique
570 4189 663 4257 judicii
679 4187 780 4257 regula,
794 4195 835 4240 est
847 4186 903 4240 eri·

120 4259 227 4311 dentis:
241 4260 300 4313 siste
318 4258 372 4329 81
386 4271 437 4325 otte
448 4260 470 4312 si
482 4261 641 4313 sententium
652 4259 729 4321 leret,
744 4266 791 4309 eut
801 4255 903 4310 errshit

120 4335 165 4380 sut
177 4330 283 4381 ersendi
303 4328 451 4396 periculum
466 4328 565 4381 suhihit
577 4327 767 4397 philosophus:
782 4324 903 4393 adeoque

120 4397 246 4465 precipiti
256 4398 297 4451 uia
306 4407 401 4452 emtum
415 4399 531 4452 deserens
545 4399 659 4450 ordinem
672 4398 742 4449 latos
759 4411 809 4449 non
823 4396 902 4448 hahe-

119 4466 155 4518 trit
169 4467 262 4520 esitus.
280 4467 327 4520 llic
342 4482 421 4534 porro
439 4470 526 4536 egitur
539 4482 592 4521 non
607 4465 640 4520 de
655 4467 736 4532 priori
752 4468 798 4518 sed
815 4471 904 4530 postc-

962 2060 1068 2119 aissent,
1080 2056 1177 2126 siquid
1188 2057 1322 2121 uideretur,
1335 2057 1439 2121 diceret:
1453 2059 1497 2123 nui
1507 2075 1559 2113 uras
1569 2075 1627 2114 rum
1641 2073 1747 2130 aposte-

963 2130 1074 2183 riorihus
1089 2143 1139 2180 nou
1163 2137 1226 2179 esset
1251 2135 1372 2188 retentus,
1390 2128 1515 2183 Arcesilas
1529 2145 1585 2182 enm
1600 2136 1746 2190 recurarit:

959 2198 1128 2260 instituitque,
1145 2206 1171 2248 ut
1181 2196 1200 2248 ii
1213 2196 1256 2264 qui
1266 2213 1292 2249 se
1301 2196 1390 2249 audire
1403 2200 1502 2259 uellent,
1524 2216 1574 2253 trort
1588 2202 1620 2253 de
1637 2218 1663 2255 se
1675 2218 1748 2270 qum·

959 2277 1052 2329 retent,
1068 2269 1112 2318 sed
1123 2266 1171 2333 ipsi
1182 2267 1294 2318 dicerent
1303 2265 1366 2334 quid
1378 2268 1508 2331 sertitem,
1517 2270 1584 2338 qued
1595 2286 1650 2323 cum
1663 2273 1748 2326 disis·

959 2347 1024 2400 sem,
1038 2337 1081 2389 ille
1097 2346 1194 2388 contra.
1213 2334 1266 2388 linc
1279 2344 1336 2389 erte
1359 2351 1429 2391 rtrrnc
1456 2338 1624 2406 Philosophia
1652 2352 1747 2395 statum

959 2409 1049 2460 mentis
1065 2406 1149 2459 Boetii
1163 2406 1265 2474 uttinpit
1279 2416 1302 2459 et
1314 2413 1404 2470 tentat,
1417 2407 1501 2473 ipsum
1524 2409 1648 2464 uidelicet
1671 2426 1748 2465 reso·

959 2475 1084 2529 cundoad
1094 2476 1201 2542 primns,
1217 2489 1282 2538 nuos
1295 2476 1321 2528 in
1334 2491 1363 2527 so
1377 2477 1489 2543 experiri
1500 2479 1593 2544 possit,
1605 2480 1743 2542 notiones:

960 2560 1072 2615 qrtsrum
1088 2544 1219 2597 hertelicio
1233 2553 1259 2598 ct
1279 2545 1311 2598 ah
1331 2559 1424 2600 errore
1449 2549 1530 2602 reteri
1561 2549 1657 2604 ihcrnri
1671 2558 1699 2604 et
1719 2552 1746 2606 in

961 2628 1056 2668 nusum
1072 2613 1213 2668 veritatum
1224 2612 1355 2668 introduci
1371 2623 1451 2682 astrol
1465 2634 1471 2668 :
1487 2618 1530 2686 qui
1543 2619 1632 2672 modus
1655 2631 1691 2674 est
1702 2637 1748 2673 aa·

960 2683 1066 2737 rationis
1082 2699 1092 2736 :
1112 2684 1159 2738 s'ed
1176 2683 1237 2736 lruic
1254 2684 1304 2735 arti
1320 2684 1453 2737 consentit
1469 2685 1526 2754 ipss
1541 2686 1647 2743 hirsutius
1661 2707 1666 2741 :
1679 2689 1748 2745 arhi-

960 2761 1041 2816 trttlu,
1056 2752 1150 2822 inqiut,
1167 2763 1210 2806 tao
1220 2767 1276 2816 oua
1289 2753 1364 2816 ucles,
1379 2762 1405 2804 ut
1415 2768 1593 2823 responsurum
1606 2768 1706 2829 rapoto.

995 2822 1006 2852 ¹
1027 2821 1159 2876 lluncciue
1184 2820 1307 2874 muudum
1332 2821 1493 2894 teutmarus]
1520 2823 1552 2877 it.
1577 2825 1748 2898 Philosophi!

963 2893 1036 2961 cogit
1050 2892 1170 2945 iioctium
1195 2889 1287 2954 lateri,
1303 2906 1332 2945 se
1346 2891 1427 2945 Deum
1454 2892 1548 2957 parlim
1573 2904 1746 2967 cogtrrssccre,

962 2965 1020 3014 riso
1033 2962 1126 3015 saltem
1154 2962 1247 3014 ordine
1262 2975 1315 3029 quo
1335 2961 1376 3012 ltic
1390 2961 1498 3015 mundius
1512 2964 1621 3032 regitur.
1638 2965 1748 3023 Scilicet

962 3030 1187 3095 ortentsdmodum
1202 3027 1278 3082 nmiei
1301 3029 1368 3082 nlius
1379 3031 1478 3095 copuiti
1504 3036 1686 3099 recordemur,
1699 3049 1748 3092 ntr-

962 3099 1017 3153 ditn
1033 3100 1091 3169 ejus
1105 3113 1182 3164 voce,
1194 3099 1234 3153 r'el
1246 3099 1301 3151 risa
1315 3099 1374 3166 ejus
1384 3099 1512 3167 scripturo
1529 3119 1536 3154 ι
1550 3119 1601 3157 non
1615 3106 1683 3174 quod
1695 3122 1749 3163 rum
1842 3098 1846 3104 ¹

964 3170 1008 3225 rel
1022 3171 1151 3238 scripturn
1177 3167 1253 3236 hujus
1277 3171 1354 3222 amici
1369 3169 1504 3224 notionem
1520 3169 1625 3238 inlernt,
1639 3175 1685 3228 sed
1702 3192 1718 3242 p
1735 3200 1748 3220 .

966 3241 1016 3293 tius
1030 3238 1100 3308 tpu'od
1114 3236 1239 3307 adjuncta
1253 3237 1311 3292 haec
1332 3246 1447 3294 veterent
1462 3242 1540 3295 amici
1563 3243 1648 3296 identn
1667 3245 1749 3302 veluti

925 3284 949 3346 C
965 3309 1078 3378 sopitam
1093 3308 1233 3363 excitando
1246 3316 1373 3364 tenorent
1388 3325 1394 3360 :
1410 3309 1445 3363 ita
1462 3310 1508 3364 Dei
1525 3314 1635 3367 nnttrrsli
1649 3313 1749 3371 londos

962 3378 1018 3445 jem
1031 3379 1128 3446 cogniti
1144 3377 1339 3431 reminiscimur
1361 3379 1425 3436 riso,
1436 3379 1484 3431 hoc
1498 3385 1593 3432 sistendo
1613 3387 1748 3449 spectato·

964 3464 1016 3514 rpnc
1043 3446 1136 3501 ordine
1151 3462 1202 3515 quo
1218 3449 1339 3502 rrrriversn
1363 3448 1442 3502 etiam
1463 3463 1574 3519 corporo
1599 3461 1748 3520 reguntur:

966 3516 1028 3572 ltine
1054 3517 1126 3570 nullo
1145 3517 1348 3581 existimauerim,
1365 3517 1450 3585 inquit
1467 3517 1584 3583 Boetius,
1607 3524 1693 3586 strada,
1720 3533 1749 3579 ttt

963 3588 1069 3658 fortuita
1083 3587 1220 3640 temeritate
1234 3594 1286 3639 tam
1305 3595 1373 3640 certa
1389 3602 1421 3638 trs:
1431 3597 1537 3640 ueesrtrrr
1548 3603 1557 3640 :
1569 3604 1655 3643 rerum
1678 3596 1750 3663 operi

962 3672 1010 3709 stro
1030 3657 1184 3709 conditorem
1210 3657 1345 3724 presidere
1369 3654 1451 3708 Deum
1475 3663 1558 3710 saio:
1588 3658 1649 3713 lunc
1676 3663 1748 3723 «ruod

966 3726 1077 3778 etidcns
1092 3725 1222 3793 cjtrsmodi
1238 3724 1311 3778 trotio
1324 3725 1423 3792 opticus
1439 3724 1602 3782 sitreritntis
1616 3731 1750 3797 sivejudi·

960 3796 993 3846 cii
1009 3797 1063 3850 reri
1079 3798 1198 3862 certique
1213 3809 1316 3859 norma,
1331 3805 1473 3861 propteret
1486 3811 1531 3850 nse
1542 3813 1651 3867 uoqrtam
1667 3801 1747 3870 luerit

959 3866 1023 3925 dies,
1050 3866 1120 3918 addit
1137 3865 1254 3927 liutetins,
1271 3867 1314 3931 qui
1328 3880 1367 3917 me
1388 3865 1419 3917 alr
1436 3865 1485 3918 hac
1498 3870 1627 3920 setrtetttioe
1644 3872 1750 3925 ueritate

959 3933 1072 4057 derfllut
1085 3950 1095 3988 :
1112 3936 1174 3988 lrirrc
1186 3950 1264 4005 putto
1279 3946 1351 4001 utute,
1366 3950 1451 3988 tttctto
1464 3936 1522 3989 scil.
1538 3937 1565 4000 5,
1582 3953 1607 3990 r.
1619 3939 1666 4008 isi,
1678 3944 1748 3996 ecci·

959 4004 996 4056 nit
1020 4007 1140 4058 locrius:
1386 4031 1389 4038 ·

1080 4103 1165 4151 l'tnnis
1177 4113 1245 4151 certo
1257 4104 1304 4149 linc
1313 4104 1453 4161 potuerimus

1080 4165 1229 4213 llonnnuuts
1246 4163 1281 4210 los
1292 4165 1388 4222 respuis
1400 4173 1467 4212 nctus

1080 4225 1170 4274 hlcrito
1181 4227 1385 4274 rectorcouitnre
1398 4228 1468 4273 rrsodo

991 4326 1058 4381 ilinc
1071 4327 1253 4394 Philosophia,
1267 4327 1368 4395 prolata
1385 4327 1501 4382 ltotuin's
1512 4343 1578 4382 mtto
1592 4330 1682 4385 srrhtto
1696 4347 1743 4387 sc-

954 4397 1077 4463 cipiettlis
1098 4399 1284 4468 interjectione,
1308 4398 1483 4451 vehementer
1509 4399 1675 4467 udmirtttur,
1696 4418 1746 4458 cor

957 4468 1049 4535 positis
1072 4466 1203 4536 ejusmodi
1229 4468 1365 4534 principiis
1382 4469 1487 4520 ltoeturs
1509 4469 1533 4521 in
1555 4472 1658 4524 erroris
1671 4481 1747 4527 terte·

120 4537 183 4588 riori
197 4538 326 4590 duntaxat
338 4539 566 4605 precipitatione:
588 4536 685 4604 atterit
699 4537 770 4588 errius
783 4533 903 4602 pltilnso·
957 4538 1018 4590 hrus
1034 4536 1189 4605 precipites,
1206 4550 1252 4589 aut
1272 4539 1356 4591 instnr
1367 4537 1518 4600 lnnpttentts
1537 4538 1562 4590 io
1577 4553 1667 4593 retent
1684 4554 1748 4595 son·

119 4605 180 4668 piris
195 4607 312 4659 remedio
327 4608 424 4674 quihus
440 4606 497 4661 irase
511 4605 612 4661 mederi
625 4606 709 4670 possit
723 4605 805 4657 monti
818 4602 902 4656 lioetii
918 4598 943 4658 D
957 4608 1065 4659 tentiam
1080 4606 1119 4659 ire
1137 4603 1244 4659 dnhttct
1264 4606 1298 4659 de
1323 4606 1377 4658 hro
1397 4607 1487 4667 nehus,
1511 4607 1591 4660 etium
1609 4606 1745 4677 humanis,

120 4672 271 4727 isoonntt:
287 4676 388 4729 inhorst
406 4686 494 4730 mrtem
510 4691 612 4739 errore,
625 4678 669 4743 orti
685 4677 773 4728 sensu
787 4688 840 4726 non
854 4686 903 4740 pr·

119 4752 182 4805 test,
197 4745 247 4796 nisi
261 4746 372 4798 veritate
383 4747 526 4800 contraris.
543 4745 608 4801 Cum
623 4748 702 4814 igitur
724 4742 836 4811 primum
857 4757 903 4797 te·

119 4813 206 4866 ritetis
227 4814 391 4868 inveniende
416 4815 654 4882 impedimentum,
677 4813 796 4881 adeoque
818 4811 904 4878 prims

119 4883 309 4936 erroriscttuse
324 4884 358 4936 sit
371 4885 553 4950 prrrccipitutio,
563 4885 663 4953 tuttime
679 4893 768 4936 monet
784 4881 906 4934 Philoso-

121 4951 181 5019 pltis
198 4967 251 5006 nott
268 4965 328 5007 esse
350 4953 580 5021 prusipttsndunr,
595 4956 670 5008 sede
693 4951 836 5008 leriorihus
855 4950 906 5019 pri·

120 5035 193 5075 suum
207 5021 332 5076 remediis
347 5023 535 5091 incipiendum.

146 5090 165 5122 '¹
183 5089 385 5163 lisposuerim]
397 5096 416 5146 i.
429 5092 598 5160 l’lrdosopltin
610 5092 755 5159 interroget
765 5090 903 5145 huetium:

121 5161 181 5227 epiris
198 5161 278 5215 horno
301 5162 469 5231 interrogans
483 5162 556 5227 (nisi
581 5163 622 5216 hic
642 5161 720 5215 luerit
735 5174 854 5230 preceps
877 5169 905 5215 et

120 5230 329 5293 amentissimus,
341 5231 563 5300 qriesnudmodnm
587 5231 704 5299 loquitur
717 5229 830 5300 Cicero)
846 5231 905 5288 sui·

120 5313 165 5352 rno
180 5302 293 5354 attendit
304 5302 337 5354 sd
359 5317 429 5363 curn,
444 5315 523 5369 qrrsrn
535 5301 615 5355 hebet
630 5303 664 5353 de
677 5301 787 5353 rorterio
806 5315 905 5368 propu-

119 5369 182 5432 sitn,
197 5370 344 5432 notionem,
366 5385 505 5440 suumque,
520 5386 596 5436 rugus
625 5370 682 5439 ipse
705 5374 828 5423 conscius
851 5380 902 5437 est,

120 5439 220 5493 ircde
242 5455 273 5493 re
295 5443 452 5495 sententiam
476 5441 591 5507 prolcrt:
605 5441 675 5494 unde
695 5441 801 5493 auditor
815 5449 903 5506 potest

119 5509 241 5576 rprtmdsrn
251 5509 301 5561 siis
312 5512 454 5564 conlisere.
469 5513 513 5564 Sin
526 5510 654 5573 Socrates,
666 5511 710 5581 qui
718 5525 807 5574 parcns
818 5510 901 5579 phito-

119 5579 217 5646 saphioe
227 5581 289 5648 jure
300 5578 350 5631 diei
361 5588 452 5647 potest,
463 5588 492 5633 ut
502 5580 528 5634 lo
539 5582 618 5646 ruitur
630 5581 732 5634 Tullius
753 5594 769 5633 tt
782 5580 816 5633 de
831 5579 902 5639 Pin..
916 5604 919 5608 ·

120 5650 296 5717 percontanda
313 5658 387 5715 atque
404 5651 585 5718 interropandc
604 5652 693 5704 elicere
707 5650 802 5703 solehal
817 5659 903 5703 curam

121 5719 252 5789 opiniosus
261 5718 409 5789 oshrrstunr
423 5719 569 5782 disserebat,
579 5729 606 5772 ut
617 5721 650 5774 od
663 5737 692 5774 ea
703 5736 761 5790 qua
773 5721 791 5773 ii
800 5734 905 5789 respon·

346 5815 481 5876 Ptrnou.
497 5813 608 5873 extit.

956 4675 1136 4744 providente:
1154 4672 1244 4743 Papa,
1262 4679 1318 4728 ltmc
1333 4685 1374 4728 est
1392 4677 1533 4743 interiectio
1548 4676 1664 4731 hominis
1679 4681 1746 4736 mira

957 4745 1045 4798 sultilo
1059 4745 1225 4812 surripientis,
1236 4746 1393 4798 uehementer
1402 4743 1527 4809 aeluriror,
1543 4761 1588 4797 rttr
1602 4748 1628 4800 ia
1640 4757 1693 4801 tum
1704 4767 1748 4804 su·

958 4812 1157 4867 luiriremenn'a
1180 4813 1286 4878 locutas,
1298 4815 1332 4868 de
1359 4816 1413 4869 heo
1433 4828 1600 4869 resumeres
1624 4831 1746 4887 regente,

958 4886 1296 4953 operosissimum,
1315 4894 1361 4938 snt
1384 4885 1477 4938 saltem
1507 4885 1653 4939 dutritnndo
1675 4892 1745 4945 circs

960 4952 1046 5017 ipsum
1073 4953 1155 5006 licum
1169 4968 1212 5007 rcs
1228 4955 1357 5008 lrttmanas
1377 4971 1481 5009 srrrrtma
1506 4970 1552 5008 suu
1578 4959 1746 5024 providentia

961 5023 1201 5077 sdrsnnisrruntons.
1215 5023 1342 5077 Nimirum
1362 5039 1423 5079 cunt
1438 5026 1498 5078 dutc
1512 5037 1557 5077 ttttt
1571 5029 1658 5093 plures
1682 5044 1744 5084 son·

957 5094 1124 5148 tentissnretn
1136 5093 1249 5162 quodum
1262 5095 1457 5150 tuccessitudine
1470 5095 1673 5165 corrjungnntur
1682 5115 1744 5156 cum
1797 5137 1802 5145 -

957 5163 1036 5229 prrirrri
1053 5166 1166 5233 qttodnm
1185 5165 1325 5225 sententia,
1341 5180 1401 5231 ortos
1413 5176 1554 5232 propterea
1570 5167 1670 5222 hnhere
1684 5185 1747 5238 pos·

955 5233 990 5285 sit
1001 5235 1086 5286 ration
1098 5249 1130 5286 un
1146 5233 1278 5301 principii,
1291 5235 1444 5300 rnirumest,
1457 5237 1593 5290 ltotninem
1607 5240 1746 5306 prestanti

956 5304 1061 5383 ingenio
1072 5306 1223 5369 preditum,
1237 5303 1386 5369 cujusmodi
1403 5317 1459 5359 erat
1483 5306 1502 5358 li
1520 5307 1599 5368 etius,
1617 5321 1744 5363 concessa

955 5379 1037 5440 prtnrt
1064 5372 1107 5424 idn
1135 5372 1276 5434 sententis,
1300 5375 1461 5440 posteriores
1480 5378 1506 5430 in
1530 5376 1640 5430 duh‘tum
1669 5392 1746 5432 tero·

955 5457 1025 5495 euro.

992 5511 1043 5575 Qui
1058 5510 1124 5562 enim
1137 5511 1261 5575 conuenit,
1274 5512 1471 5580 innuit'luilius
1492 5530 1510 5568 tt
1526 5513 1559 5569 de
1584 5514 1644 5568 lint.
1655 5514 1744 5579 deon,

955 5581 1105 5650 siprruntaut
1116 5580 1228 5633 tuoruum
1238 5585 1331 5649 pictam
1341 5600 1397 5636 curu
1406 5586 1546 5649 aspexeris,
1563 5585 1627 5637 scire
1641 5583 1746 5640 aditor·-

957 5663 1007 5703 taur
1018 5664 1071 5703 esse
1086 5659 1176 5713 erlem,
1192 5666 1299 5721 cutesque
1311 5656 1400 5720 procul
1411 5670 1513 5707 cursum
1528 5655 1624 5725 tratript't'
1639 5654 1744 5716 uiderit.

958 5737 1008 5774 iton
1024 5719 1137 5773 tiuhitrre
1150 5722 1210 5790 quein
1222 5723 1249 5774 id
1263 5725 1361 5777 suttune
1374 5732 1447 5792 atque
1460 5734 1515 5778 arte
1533 5734 1666 5780 morentur
1676 5743 1686 5780 .·
1700 5743 1745 5782 asts

1536 5820 1574 5879 2l
