3906 6180
245 371 296 425 stt

808 360 942 415 sinebit
964 354 1112 412 sciscoet
1132 354 1317 408 lictbebsts

1808 340 1868 403 ,sti

157 547 162 559 Ι
244 480 332 542 gande
342 479 498 542 concitaret,
511 491 582 532 nese
596 491 648 529 nen
666 483 809 528 tnercutcm
824 475 903 529 de'ati
918 471 1026 528 lionoris
1039 471 1064 528 Α
1079 466 1215 533 Scripttua
1238 465 1316 520 index
1337 464 1498 524 revelasset,
1518 460 1644 514 eor=tinuo
1665 472 1697 512 cs
1717 471 1764 512 ure
1785 457 1868 528 ipsius

245 566 358 622 sarcinis
373 566 521 633 impediret.
539 565 654 617 Turbata
669 572 710 617 cst
722 573 831 632 repente
844 563 936 617 civitas
953 579 1030 617 :orn-

247 657 319 710 nium
331 655 541 708 Christianorum
556 655 580 707 in
595 652 711 707 itrrorem
724 666 809 708 rersae
820 660 934 706 tuentes.
946 652 1031 705 Burco

246 743 278 796 ad
293 744 401 796 esitium
417 741 594 808 poscebatur,
614 751 641 795 et
662 741 688 794 in
704 749 776 794 tanta
792 740 928 794 bominum
942 740 1031 794 multi·

246 832 336 885 trrdine
347 845 425 885 tremo
434 829 563 897 placidus,
577 830 626 890 nisi
637 829 681 894 uui
693 829 818 897 iujuriam
832 827 915 883 iuerat
925 841 1031 896 passus,

246 921 368 974 inventus
383 926 433 975 est.
450 918 544 972 illebat
560 919 682 986 egregins
697 916 826 985 pontifex,
844 916 879 971 de
894 916 1032 970 intirmiti-

246 1010 315 1061 tbns
330 1008 386 1062 suis
404 1017 430 1061 et
450 1007 580 1061 molestiis
597 1007 729 1077 gaudente
743 1006 885 1076 discipulo.
908 1006 973 1060 Nam
998 1008 1032 1059 ita

246 1094 424 1153 satisfaciebat
437 1109 485 1162 pro
497 1109 529 1149 eo
546 1096 590 1163 prii
607 1095 749 1162 putabaurr
762 1096 894 1161 inimicus,
911 1094 1031 1163 singulis,

246 1195 274 1238 nt
296 1200 344 1240 nec
367 1185 479 1252 gloriam
504 1185 637 1252 parcendo
657 1185 789 1252 iactanter
809 1194 960 1255 putesceret,
984 1197 1033 1238 nec

246 1273 406 1331 vindicando
421 1273 544 1328 mandata
559 1272 678 1335 caelestia
694 1275 855 1342 praeteriret.

235 1398 238 1403 ,
282 1362 360 1415 Brevi
373 1371 430 1428 post
445 1360 477 1411 ad
496 1359 609 1414 diaconii
625 1371 734 1416 evectus
750 1361 864 1432 intutas,
879 1361 1032 1415 vicesimum

245 1465 343 1504 annum
358 1449 445 1502 aetatis
457 1447 596 1512 ascendit,
611 1447 677 1502 iscie
692 1449 816 1502 necdum
832 1448 899 1501 bene
914 1448 1033 1502 brbata.

245 1537 412 1594 Turbabatur
427 1536 542 1602 suseepti
559 1535 667 1591 benonis
679 1536 802 1591 tirocinio
818 1535 908 1601 bomo,
923 1539 967 1605 ptri
980 1536 1034 1603 jam

245 1625 342 1686 ducere
353 1635 455 1693 poterat
470 1624 581 1693 implere
595 1621 774 1678 Christianum
788 1643 794 1679 :
809 1625 972 1694 singulorum
987 1638 1035 1688 pro

244 1716 349 1784 pudore
361 1714 512 1769 declinabat
535 1721 678 1780 aspectus,
693 1727 772 1781 quem
791 1715 914 1773 universa
929 1711 1034 1775 civitas,

1082 552 1283 607 dulcioribus
1302 552 1381 606 scrita
1402 550 1545 604 duxerunt.
1570 549 1709 604 Postremo
1725 545 1789 618 quid
1809 545 1868 601 libri

1082 641 1247 704 docuissent,
1263 641 1315 693 rita
1328 639 1490 708 signabatur.

1118 727 1229 783 Domum
1244 728 1332 788 taliter
1346 729 1452 799 regebat
1467 726 1601 790 sedete,
1613 735 1641 780 ιιι
1654 739 1702 780 nec
1716 724 1872 815 prolusione¹

1084 816 1257 872 immoderata
1272 817 1441 871 commissam
1457 831 1554 886 pentum
1567 814 1730 875 exhauriret,
1745 824 1795 869 nec
1808 812 1868 867 odis

1082 906 1201 962 sordenti
1217 908 1345 976 parcitate
1357 907 1536 966 contraheret.
1551 902 1772 959 intercessionum
1788 902 1869 956 etiam

1084 1003 1147 1045 uine
1160 995 1304 1052 certamina
1322 994 1486 1063 protendebat,
1508 991 1573 1046 tiam
1594 991 1744 1059 ubicunque
1758 1002 1808 1059 pro
1826 1002 1870 1043 re·

1085 1083 1178 1137 mediis
1194 1085 1351 1148 miserorum
1364 1083 1481 1150 episcopi
1495 1082 1648 1138 mittebatur
1662 1080 1782 1149 irnperio,
1798 1087 1871 1133 mota

1084 1173 1206 1241 exigebat
1227 1168 1386 1227 beneficium
1408 1180 1465 1226 arte
1488 1168 1673 1239 supplicandi,
1694 1178 1723 1223 ιιι
1741 1168 1872 1224 sentirent

1084 1264 1135 1323 sibi
1156 1265 1181 1317 in
1201 1264 1289 1324 causis
1311 1264 1441 1331 proluisse
1462 1260 1650 1332 complurimi,
1673 1260 1758 1329 ipsum
1777 1271 1873 1329 perse

1084 1354 1237 1422 episcopum
1249 1369 1301 1406 uon
1313 1355 1428 1407 venisse.
1442 1352 1533 1422 liugeb
1551 1360 1595 1413 tur
1604 1351 1673 1405 eirca
1685 1366 1745 1406 eum
1757 1364 1805 1418 per
1814 1348 1872 1404 dies

1085 1449 1203 1517 singulos
1230 1447 1366 1518 popularis
1395 1446 1505 1504 allectus
1529 1454 1555 1503 et
1578 1444 1680 1520 magnis
1704 1440 1873 1496 successibus

1076 1536 1270 1590 'cumulabatur
1282 1536 1373 1603 amor,
1391 1537 1435 1605 qui
1450 1551 1482 1591 ex
1501 1535 1601 1605 judicio
1618 1530 1805 1592 descendebat.
1822 1529 1873 1584 lie-

1085 1623 1251 1679 siderabatur
1268 1627 1294 1678 in
1308 1639 1341 1680 ιο
1354 1624 1528 1679 sacerdotium
1545 1667 1551 1688 ,
1568 1637 1627 1678 etam
1644 1633 1722 1676 nemo
1736 1617 1873 1673 nutritoris

1085 1715 1126 1769 sui
1141 1725 1246 1785 optaret
1264 1717 1411 1771 interitum.
1432 1716 1519 1785 ipsum
1535 1726 1623 1770 tamen
1638 1727 1671 1768 ne
1685 1711 1752 1766 odor
1764 1709 1872 1780 quidem

245 1807 319 1873 prrasi
330 1804 537 1872 salutissignum
548 1801 653 1871 aliquod
667 1802 829 1854 attendebat.
842 1801 943 1854 interca
954 1813 1032 1865 snpra
1050 1820 1073 1880 p
1087 1803 1164 1872 buius
1178 1804 1310 1873 opinionis
1324 1801 1480 1869 afflaverat:
1495 1795 1674 1857 arbitrabatur
1683 1799 1715 1854 ad
1726 1797 1874 1868 proiectum

246 1893 331 1947 dictus
350 1892 461 1947 antistes
486 1905 591 1942 omnem
613 1890 801 1944 ecclesiasticae
823 1889 1034 1944 conversa-imis

246 1981 421 2040 substantiam
438 1989 463 2034 et
478 1979 582 2037 divitias
598 1995 741 2047 pauperum
758 1994 865 2037 suorum
877 1981 902 2032 in
917 1979 973 2047 ejrrs
989 1993 1035 2046 po·

246 2078 341 2125 testate
360 2068 522 2133 committit,
545 2069 638 2123 utilene
656 2080 717 2122 ante
737 2071 918 2137 episcopatum
937 2084 1034 2137 eogno-

246 2172 335 2221 scere,
351 2159 455 2228 qualem
473 2159 569 2221 tunnis
583 2161 745 2225 temporibus
759 2169 920 2228 praepararet
933 2161 1035 2227 episco-

246 2261 318 2313 pum.
336 2247 441 2305 Etcum
456 2247 501 2302 rix
516 2249 565 2312 sit,
581 2258 609 2302 ut
623 2252 656 2303 ab
671 2263 766 2308 eorum,
778 2250 915 2317 personis,
932 2250 966 2304 de
977 2251 1034 2317 pui-

247 2333 296 2392 bus
316 2336 493 2396 successionis
522 2335 620 2390 seritur
647 2336 880 2406 urtantulacunpne
907 2341 1034 2408 suspicio,

243 2422 345 2493 ¹inuidia
369 2432 550 2491 temperetur;
579 2423 605 2477 in
630 2424 705 2478 istius
728 2425 811 2491 gratia
835 2426 887 2480 sibi
911 2427 1036 2481 credebat

246 2512 335 2579 perire
349 2515 356 2544 ¹
371 2523 479 2568 sanctus
496 2523 587 2581 pater,
603 2515 733 2583 quidquid
747 2515 839 2572 inisset
859 2518 947 2572 minus
960 2519 1036 2572 exbi-

247 2603 329 2657 bitum
348 2621 355 2655 :
373 2605 493 2671 quiedam
516 2604 541 2657 in
561 2603 607 2656 iliu
626 2619 689 2666 sua,
709 2606 830 2670 ιιιιιιιιιιι
853 2607 958 2662 vellebat
976 2622 1035 2661 esse

248 2690 357 2759 majora.
376 2694 409 2745 bt
424 2693 474 2748 iste
491 2692 654 2761 quotidianis
672 2693 852 2762 profertibus,
866 2697 946 2750 etiam
962 2699 1036 2761 cupi-

243 2781 349 2858 vdissitui
361 2783 387 2835 in
398 2783 519 2836 oratione
533 2783 660 2850 genitoris
670 2793 730 2835 ruta
747 2788 956 2840 transcenderat.
973 2786 1037 2849 Erat

248 2872 319 2925 enim
332 2873 448 2941 genitor,
462 2873 538 2942 citius
552 2888 612 2927 eum
632 2888 679 2942 per
693 2873 864 2943 iruangelinm
879 2886 1035 2941 conceptum

248 2960 320 3021 verbi
336 2962 454 3025 coelcstis
468 2963 570 3017 semine
595 2962 646 3021 ieta
669 2963 744 3015 altus
758 2962 897 3021 eiiuderat.
923 2964 988 3017 Nam
1005 2964 1038 3018 de

245 3047 370 3117 'pudicitia
392 3049 497 3117 juvenis
516 3049 568 3104 mei
589 3048 654 3118 quid
678 3049 792 3118 loqttar?
813 3052 839 3105 in
858 3067 910 3121 gun
930 3053 1037 3112 domum

1085 1906 1161 1946 suunt
1175 1892 1308 1957 sulficere,
1322 1892 1414 1947 sicum
1429 1888 1496 1945 bona
1511 1905 1617 1960 semper
1629 1886 1805 1944 aestimatione
1816 1899 1875 1940 ser·

1085 1981 1160 2034 riret.
1179 1980 1321 2051 Postquam
1336 1987 1425 2035 ιιιιιιιι
1441 1979 1556 2033 invalida
1573 1984 1713 2040 senectus,
1726 1983 1751 2031 et
1766 1989 1874 2043 semper

1084 2069 1118 2123 de
1133 2069 1332 2144 infirmitatibus
1347 2068 1456 2138 graecula
1477 2067 1656 2121 venerabilem
1672 2065 1756 2118 tirum
1770 2063 1873 2131 Crispi-

1086 2175 1147 2218 num
1163 2160 1314 2229 pontilicem
1328 2162 1485 2228 occupavit,
1506 2159 1582 2213 istius
1602 2157 1801 2212 sustentabatur
1818 2170 1876 2210 ma·

1086 2248 1183 2312 nibus,
1208 2248 1234 2301 iu
1257 2248 1335 2314 liujus
1358 2251 1445 2304 nitens
1470 2248 1623 2318 erigebatur
1645 2247 1803 2315 amplexus,
1827 2259 1875 2314 pes

1086 2335 1156 2390 itlius
1168 2344 1243 2401 erat,
1258 2337 1371 2405 oculus,
1386 2336 1511 2401 dextera;
1533 2335 1609 2404 cujus
1624 2333 1780 2398 ministerio,
1794 2332 1874 2402 puid-

1087 2424 1149 2492 quid
1175 2433 1293 2492 optasset
1318 2423 1395 2486 beri.
1421 2434 1482 2479 ante
1502 2424 1649 2492 juss²ouem
1670 2436 1745 2476 suam
1768 2420 1877 2475 ridebat

1086 2512 1238 2581 impletum.
1265 2513 1444 2568 Praesentiunt
1466 2514 1536 2567 enim
1560 2513 1637 2565 borrae
1658 2522 1761 2566 mentes
1782 2523 1875 2563 eornm

1086 2602 1235 2668 desideria,
1255 2602 1427 2672 quibuscum
1445 2601 1596 2670 integritate
1615 2599 1785 2653 famulantur.
1803 2597 1877 2652 Talis

1087 2693 1113 2745 in
1128 2690 1280 2756 diaconatu,
1296 2706 1310 2743 a
1326 2690 1454 2760 vigesimo
1470 2689 1611 2754 incipiens,
1631 2699 1692 2742 octo
1716 2701 1800 2741 annos
1825 2701 1876 2742 er·

1088 2781 1170 2849 pteris
1185 2797 1191 2832 :
1206 2789 1233 2834 et
1256 2780 1362 2849 quidem
1384 2788 1446 2835 tunc
1467 2788 1552 2832 status
1578 2780 1704 2833 Ecclesiae
1727 2777 1877 2833 Titincttsis

1088 2870 1156 2924 bena
1170 2870 1327 2924 clericorum
1345 2868 1418 2936 bugu
1434 2869 1560 2936 pollebat.
1579 2867 1660 2921 Erant
1677 2867 1800 2922 coelestes
1812 2866 1876 2929 riri,

1088 2976 1154 3031 (goos
1168 2964 1217 3017 iste
1232 2976 1245 3013 a
1260 2961 1422 3029 perfectione
1446 2960 1574 3027 incipiens
1590 2959 1740 3012 laniabat:
1755 2957 1803 3010 init
1823 2956 1878 3010 Sil·

1089 3061 1178 3123 vester
1194 3052 1398 3106 archidiaconus
1412 3066 1442 3104 ea
1458 3057 1626 3117 tempestate,
1642 3048 1722 3102 iterna
1736 3047 1762 3101 in
1774 3053 1878 3100 vetusta

247 3141 297 3200 tibi
311 3150 442 3207 statuerat
459 3140 586 3203 castitas,
600 3149 626 3193 et
641 3142 803 3195 continentia
824 3144 928 3199 radices
943 3144 1034 3200 iterat
1049 3163 1071 3224 c
1090 3127 1288 3213 disciplinarum
1322 3142 1497 3197 instructione
1523 3137 1726 3209 probatissimus
1738 3151 1746 3201 ;
1759 3137 1879 3190 lienosos

247 3229 273 3283 in
287 3230 464 3298 protundum?
479 3229 568 3282 Virum
581 3243 610 3284 sc
620 3244 689 3291 esse.
704 3233 753 3286 nisi
768 3248 814 3299 per
825 3230 1038 3305 laboris‘patieu-

248 3316 322 3378 tiam,
338 3315 495 3387 ignorabat:
508 3330 615 3378 caruem
630 3317 736 3381 babere,
749 3319 799 3375 n'si
810 3335 869 3374 cum
881 3323 1037 3379 meriturum

1067 3226 1241 3304 presbyter,
1264 3242 1317 3287 tam
1344 3232 1439 3285 nobilis
1463 3230 1605 3286 sanctitate
1628 3240 1708 3295 artam
1730 3223 1875 3294 sanguine;

1088 3322 1180 3382 (iatius
1192 3322 1298 3392 quidem
1314 3320 1449 3389 prosapia,
1464 3318 1509 3372 sed
1522 3317 1638 3372 caelestis
1648 3314 1770 3383 indigena
1784 3329 1792 3366 r
1804 3312 1879 3367 luere

249 3420 278 3461 se
292 3420 352 3468 esse
367 3404 545 3468 meminerat,
565 3405 711 3469 nesciebat.
733 3406 844 3474 Quoties
859 3417 947 3463 ιιιιιιιι
963 3413 1037 3467 illum
1086 3412 1131 3465 aiii
1150 3420 1177 3464 et
1193 3425 1304 3464 numero
1321 3410 1412 3476 plnres
1427 3415 1455 3462 et
1469 3408 1567 3460 virtute
1585 3411 1751 3473 prestantes,
1765 3413 1878 3468 quorum

249 3508 393 3564 corporeus
417 3492 569 3562 appetitus,
593 3493 716 3553 sicutab
740 3496 798 3564 ipso
811 3497 910 3565 didici,
932 3501 1039 3558 ludebat

250 3581 407 3654 imaginibus
430 3580 616 3646 scutatorum,
644 3582 714 3636 illico
740 3583 778 3644 ad
796 3586 900 3654 vigilias
920 3598 1036 3656 sanctas,

249 3672 401 3734 continuata
421 3668 542 3738 jejunia,
568 3670 656 3730 standi
680 3672 831 3730 diutissime
853 3680 1038 3734 necessitatem

251 3762 326 3830 plena
339 3758 466 3822 ariditate
483 3760 623 3850 cgmcbat;
643 3761 775 3831 talemque
790 3765 910 3819 beitauix
929 3766 1038 3822 dextera

154 3856 156 3858 ’
251 3851 422 3917 animastis
443 3851 635 3910 certaminibus
658 3852 785 3908 reddebat
810 3869 933 3921 earnem,
955 3867 982 3911 nt
1003 3859 1040 3912 iili

252 3956 318 4012 opus
326 3950 399 4000 esset
408 3951 501 4012 postea
513 3957 560 4011 pro
569 3944 730 3998 necessitate
741 3947 873 4006 succurri.
885 3947 939 4002 lice
952 3960 1039 4012 tamen

250 4032 350 4088 relecto
363 4031 523 4100 corpusculo
536 4031 691 4103 indulgebat
703 4034 776 4088 otio:
790 4036 916 4091 utebatur
928 4039 1040 4094 lectione

252 4135 303 4189 pro
313 4120 422 4192 requie,
438 4120 566 4174 librorum
583 4121 774 4191 venerabilium
788 4138 837 4193 pro
852 4125 1041 4187 blandimentis

253 4219 427 4278 estrumenta
440 4209 610 4278 suscipiens:
627 4211 781 4278 memoriter
792 4215 873 4269 semel
890 4223 1041 4270 transcursa

253 4297 379 4363 reddebat
395 4315 401 4349 :
417 4306 445 4351 ct
459 4312 493 4352 ne
510 4298 665 4362 crederetur
682 4299 878 4365 seripturarum
893 4301 1043 4367 divinarum

253 4389 385 4456 tramitem
401 4388 542 4450 verborum
564 4392 749 4450 tantummodo
763 4393 899 4449 celeritate
918 4401 1041 4451 transto-

253 4480 339 4545 lasse,
359 4479 487 4549 pingebat
499 4480 603 4539 aetibtts
616 4480 671 4537 suis
688 4482 809 4551 paginam
828 4499 906 4552 quam
922 4485 1039 4554 legisset.

253 4571 280 4630 st
292 4573 420 4643 propbeta
434 4573 528 4633 inisset
538 4573 564 4624 in
577 4572 711 4634 manibus.
723 4576 926 4643 propbetantcm
937 4576 1042 4632 rideres
1067 4594 1072 4603 ·

253 4664 347 4722 codice
366 4666 468 4730 amisso,
486 4663 615 4718 lectorem
633 4680 638 4714 :
656 4663 677 4716 si
693 4662 855 4723 Testamenti
879 4665 981 4720 lletcris
1001 4681 1042 4720 re-

254 4756 403 4812 censuisset
418 4754 562 4817 volumina,
578 4753 659 4823 ttnysi
673 4752 770 4822 dignm
784 4756 923 4815 remittatur
937 4756 1044 4811 incede·

254 4841 324 4895 bat:
345 4843 432 4897 taliter
458 4857 488 4896 ae
512 4844 534 4899 si
559 4843 632 4897 illum
662 4844 804 4900 israelitica
836 4862 882 4911 per
909 4844 1042 4910 desertum

255 4931 359 4997 agmina
372 4940 561 4999 sequerentur.
576 4933 603 4988 si
615 4933 789 5001 apostolicum
807 4935 846 4987 lac
862 4936 1003 4989 verborum
1018 4945 1045 4990 et

256 5018 311 5071 urci
330 5017 470 5072 dominicae
496 5019 627 5087 passionis
642 5024 812 5083 severitatem
836 5024 901 5091 lcgis
915 5024 1046 5087 condiens

293 5135 299 5164 ¹
325 5133 434 5188 Sanctius
456 5135 546 5206 puter]
572 5135 731 5190 Basilicuscs
750 5145 853 5188 anticius
874 5153 958 5205 prede,
974 5139 1043 5205 ptrad

256 5204 306 5258 etsi
320 5205 345 5258 iu
361 5202 420 5256 aliis
436 5203 496 5256 l'erri
513 5214 612 5270 posset,
628 5207 688 5273 quia
706 5221 779 5272 papae
794 5221 888 5259 ιιιιιιιιι
907 5208 1045 5272 ιμιίιιιιιίε

256 5274 389 5344 episcopis
412 5272 533 5340 plerique
553 5275 724 5339 tribuebant,
747 5275 865 5330 Ennodio
888 5286 1044 5336 tamennon

256 5344 403 5409 contenit,
430 5343 473 5405 ιιιιι
498 5353 525 5392 ιιι
549 5342 580 5393 ad
606 5341 731 5403 epistolas
754 5345 913 5407 «teterrimus.
938 5348 1043 5401 unicum

257 5415 383 5478 liumanae
399 5411 469 5464 setis
488 5411 639 5472 pontificem
659 5425 753 5478 papam
775 5424 860 5467 troeat.
887 5414 951 5468 Nam
976 5418 1045 5482 quod

257 5479 337 5550 disjici
360 5490 471 5550 posset,
491 5481 667 5547 Epipbauium
684 5495 788 5548 unoque
814 5499 907 5551 papam
930 5485 998 5539 inira
1020 5489 1044 5539 in

258 5553 309 5604 boc
324 5553 453 5619 upttsculo
472 5550 616 5618 appellari,
635 5551 660 5603 id
675 5549 740 5602 nibil
760 5552 857 5620 obicit,
880 5555 940 5623 grtia
959 5556 1044 5608 linrici

261 5622 339 5674 verba
362 5631 424 5674 snm
448 5636 506 5688 prim
529 5635 561 5674 ιο
587 5620 645 5674 lucu
669 5621 833 5685 recitantur,
854 5641 905 5677 uon
923 5625 1044 5679 ljnrrodii.

260 5687 386 5755 idemque
400 5691 527 5756 judicium
548 5690 581 5744 de
599 5691 664 5743 litat
687 5691 779 5750 titulo,
801 5695 843 5745 ubi
862 5710 926 5760 napa
951 5694 1046 5746 dcinn·

260 5755 425 5836 ¹Epiplmuius
444 5777 448 5808 ;
469 5777 528 5812 irritu
548 5763 690 5816 ascititium
711 5761 822 5814 t'itlctnr.
855 5763 943 5831 itaque
966 5767 1047 5832 patris

1089 3501 1188 3556 idcirco
1211 3501 1280 3555 iacio
1302 3499 1484 3562 mentionem,
1507 3496 1566 3565 qnia
1588 3507 1666 3561 parra
1686 3490 1764 3546 laude
1783 3489 1880 3557 dignus

1089 3603 1140 3656 est,
1155 3592 1199 3658 ptri
1215 3598 1318 3644 tautum
1334 3587 1440 3643 miseris
1454 3584 1612 3639 antefertur.
1651 3657 1653 3661 ι

1124 3678 1199 3736 Circa
1220 3678 1299 3732 bitem
1316 3686 1403 3730 tamen
1420 3676 1481 3729 ritae
1496 3687 1573 3742 quem
1598 3668 1691 3738 spiritu
1714 3661 1880 3735 presidebat

1089 3778 1198 3827 sanctus
1212 3769 1342 3831 amimea,
1362 3765 1539 3820 Mediolanum
1558 3760 1671 3815 uicinam
1692 3753 1798 3824 expetit
1812 3751 1881 3805 citi·
1916 3803 1918 3807 .

1092 3870 1192 3922 tatem,
1206 3858 1250 3912 nbi
1267 3855 1394 3912 nobilium
1410 3852 1527 3922 germina
1544 3863 1632 3903 messe
1646 3846 1759 3914 qttadam
1774 3839 1881 3894 nunde

1092 3948 1259 4020 ingen-ibatis
1276 3952 1459 4000 excreverant.
1480 3943 1553 4009 Quos
1568 3936 1727 3993 visitationis
1740 3932 1823 4003 gratia
1837 3946 1882 3985 re·

1091 4040 1215 4108 quisitos,
1223 4037 1319 4095 talibus
1330 4035 1422 4089 tiriiei
1433 4032 1602 4088 sermonibus
1611 4027 1765 4108 appellarit.
1779 4043 1789 4077 ι
1801 4024 1881 4088 Ecce,

1092 4130 1149 4192 ttii,
1163 4129 1217 4197 jam
1229 4142 1272 4182 me
1285 4136 1349 4180 :etas
1361 4123 1496 4192 compellit
1507 4123 1540 4176 ad
1556 4120 1706 4175 transitum.
1721 4118 1782 4174 lam
1796 4115 1881 4184 origi·

1092 4221 1193 4280 uariam
1209 4218 1243 4275 ad
1254 4219 1298 4288 jus
1310 4232 1386 4272 suum
1402 4221 1511 4270 revocat
1524 4222 1593 4268 terra
1615 4211 1781 4278 particulam.
1798 4207 1882 4262 Com·

1093 4309 1189 4369 ruendo
1205 4309 1359 4372 civitatem,
1374 4302 1533 4360 commendo
1549 4300 1708 4368 Ecclesiam,
1722 4297 1883 4356 cerumendo

1094 4399 1181 4464 burte,
1202 4398 1278 4466 cujus
1293 4396 1377 4451 labori
1393 4404 1419 4449 ιι
1434 4394 1525 4462 gratie
1540 4392 1646 4458 debeo,
1667 4392 1738 4462 quod
1751 4404 1833 4459 esque
1847 4389 1883 4445 ad

1095 4488 1145 4544 boc
1160 4498 1263 4557 tempus
1275 4487 1339 4550 titi,
1352 4492 1380 4541 et
1392 4484 1549 4554 grandaevus
1563 4491 1588 4537 ιι
1602 4481 1708 4537 debilis.
1724 4481 1735 4512 ⁸
1749 4479 1884 4546 Corporcs

1094 4578 1215 4632 soliditas
1230 4586 1256 4630 ιι
1271 4577 1355 4631 rictus
1369 4575 1465 4629 animae
1484 4572 1692 4629 imbecillitatem
1712 4584 1799 4624 meam
1820 4584 1887 4638 pnr·.

1096 4670 1161 4728 tacit
1181 4668 1242 4723 sine
1265 4665 1371 4721 lastidie
1387 4683 1393 4717 :
1410 4664 1485 4730 cuitus
1508 4662 1640 4719 ambulari
1665 4658 1885 4730 pedibus-tenui

1096 4757 1194 4827 aliquid
1209 4757 1340 4818 manibus,
1356 4755 1409 4808 ridi
1423 4754 1519 4818 oculis,
1533 4752 1653 4831 ordinati
1666 4764 1790 4806 sermone
1807 4766 1813 4800 :
1829 4749 1885 4804 diro

1097 4849 1249 4905 videbamur
1261 4847 1434 4909 intuentibus
1445 4861 1504 4899 cum
1517 4860 1585 4898 tritus
1595 4860 1641 4912 per
1653 4841 1821 4897 concordiam
1835 4842 1886 4895 lic·

1098 4950 1139 4995 rct
1161 4955 1194 4995 ex
1218 4940 1330 4993 dnobus.
1350 4956 1359 4989 ι
1388 4936 1449 4991 ilaec
1469 4936 1480 4965 ⁸
1504 4936 1611 4990 iiustico
1632 4933 1727 4987 illustri
1742 4931 1801 4985 siro
1814 4930 1908 4984 dicta·

1097 5031 1202 5100 penitus
1217 5030 1382 5091 insederunt,
1395 5029 1438 5097 piri
1455 5029 1480 5080 iu
1495 5027 1569 5084 urrini
1581 5024 1685 5080 dicendi
1699 5035 1797 5093 genere
1807 5036 1887 5076 eaer-

1088 5146 1196 5193 'nnmen
1213 5140 1262 5193 boe
1281 5138 1340 5192 luco
1360 5138 1523 5192 reddidimus
1542 5151 1549 5186 ε
1570 5137 1639 5205 qnod
1657 5145 1781 5191 asserunt
1796 5145 1887 5191 vetera

1098 5208 1272 5275 exemplaria.
1285 5218 1311 5262 ct
1323 5223 1382 5276 utrae
1395 5224 1454 5261 mox
1469 5217 1627 5276 sequuntur,
1640 5206 1703 5261 satis
1714 5206 1886 5266 confirmant,

1098 5278 1142 5331 ubi
1160 5278 1264 5344 genitor·
1280 5286 1455 5345 nuncupatur.

1134 5348 1144 5376 ¹
1166 5347 1320 5408 ilelianduS.
1337 5347 1456 5399 anteibat.

1136 5416 1146 5446 ³
1164 5415 1266 5470 Seiron.
1283 5426 1309 5470 et
1325 5418 1402 5478 badi..
1419 5418 1492 5484 cujus
1506 5432 1635 5486 corporea.

1135 5485 1147 5514 ⁸
1168 5485 1272 5540 linatico
1287 5487 1312 5541 l.
1333 5486 1376 5555 Vi
1392 5487 1440 5547 liii,
1455 5487 1558 5554 opinor,
1575 5488 1617 5554 ptri
1633 5485 1723 5550 paucis
1736 5492 1797 5537 autc
1810 5484 1888 5535 annis

1100 5556 1192 5607 consul
1210 5555 1295 5609 iuerat
1316 5572 1375 5609 cnm
1398 5557 1526 5626 Olybrio,
1548 5571 1620 5609 antro
1639 5556 1741 5610 scilicet
1756 5553 1817 5607 idi.
1840 5552 1889 5606 iiic

1101 5624 1226 5677 ilusticns
1251 5625 1472 5692 bisinianensis,
1500 5627 1566 5680 aiter
1593 5624 1688 5680 codem
1715 5634 1836 5690 tempore
1862 5621 1889 5673 in

1101 5694 1185 5747 Gallia
1202 5694 1326 5748 llusticns
1340 5694 1547 5761 burdigalensis,
1563 5694 1595 5747 ad
1608 5709 1686 5762 quom
1702 5693 1795 5746 scribit
1811 5691 1888 5742 Sido·

1103 5766 1161 5818 ultis
1174 5764 1220 5817 lib.
1238 5781 1266 5832 n,
1280 5774 1305 5818 ct
1320 5766 1352 5819 dc
1367 5781 1418 5833 ιμιο
1435 5767 1495 5819 itctn
1511 5767 1554 5820 lili.
1574 5781 1636 5830 ltu,
1652 5764 1731 5832 episi.
1747 5762 1776 5814 ll
1795 5777 1801 5813 ι
1817 5758 1889 5816 Silili
