3906 6180
222 267 271 326 tbi
548 277 722 335 subeuntia
741 279 786 334 AD
805 279 925 336 clodos
947 283 989 336 DE
1008 283 1267 346 consolatione
1289 292 1535 350 ruinosol’lltue.

344 382 416 435 Solos
426 386 466 437 laic
476 386 538 437 lauri
550 392 640 440 meruit
650 389 772 447 eoronam,

344 444 480 509 Porparam
491 448 565 508 solus,
578 448 670 511 placide
682 452 843 515 triumphans.

347 505 486 558 Proximam
498 510 583 560 sellem
595 512 635 560 coi
647 512 688 563 dat
698 512 771 562 beato

408 567 473 619 Vera
486 572 605 632 uoluptas.

255 658 289 715 tu
299 658 325 715 ia
340 670 435 730 quarto
449 663 601 734 Elegiarum
614 667 704 722 libro:

310 759 441 823 splendida
453 775 499 812 uon
512 763 603 815 ise-luunt
614 765 717 817 lortuuss
730 780 832 818 munera
841 780 938 831 regem,

342 822 437 872 illsttea
451 836 497 874 aee
511 828 594 885 uestis,
608 839 655 877 aea
667 840 788 889 generosa
797 829 892 879 domos.

309 879 364 932 ilex
377 889 415 932 est
425 887 466 946 qui
476 899 543 948 sese,
555 895 631 937 reete
642 891 744 939 rationis
754 889 859 940 iubenis

339 942 504 1006 Compescens
515 949 589 997 soiml
601 951 674 998 noxia
687 958 751 1009 uota,
763 964 790 1001 re
811 952 839 1000 il.

309 1003 362 1054 lloa
373 1007 464 1078 merito
474 1008 543 1059 lortls
554 1021 680 1069 censetur,
692 1014 734 1074 qui
747 1012 819 1060 nimus
829 1010 908 1062 audax

340 1065 431 1118 'trinta
442 1070 546 1119 terribili
559 1083 662 1134 corpore
675 1071 740 1126 bella
749 1074 824 1134 qerlt.

310 1124 389 1177 Fortis
399 1130 491 1179 eximio
503 1133 601 1183 uirtutis
613 1133 713 1195 predita
724 1134 789 1183 dono

339 1188 409 1238 liena
420 1191 466 1252 pia,
480 1205 551 1242 meas
562 1193 631 1242 almae
642 1196 737 1243 consola
746 1195 858 1256 justitias,

308 1247 367 1309 oute
377 1250 458 1302 domat
469 1252 572 1304 affectos
582 1263 651 1304 recto
662 1255 831 1305 nuoleramioe
842 1267 938 1319 prasos,

338 1310 472 1374 Oorporeas
482 1316 584 1364 clareas
594 1316 707 1376 nauiter
719 1316 857 1367 illecebris.

306 1370 380 1482 Culus
390 1376 419 1422 ad
432 1376 560 1437 imperium
571 1374 633 1437 iogit
645 1377 791 1427 illecebrosa
801 1377 922 1439 uoluptas,

349 1434 367 1484 't
376 1434 444 1484 tlolor
455 1436 560 1500 impigra
571 1450 680 1500 spesque
691 1444 822 1498 metusque
834 1438 901 1501 luga.

253 1511 544 1586 i'oiuenlexapitans.

248 1602 380 1660 Turbidus
391 1607 489 1679 auster]
500 1609 681 1667 Turboleutas
699 1620 805 1675 uerutus,
827 1611 934 1680 speeies
957 1625 1006 1677 pro

211 1708 312 1768 neuere
324 1699 423 1767 posita.

246 1786 365 1860 AEstttm]
378 1790 459 1846 ilaris
471 1802 586 1848 molunt.

251 1877 353 1952 Vires]
369 1882 522 1952 perspicua.

248 1969 312 2043 Pur]
322 1971 433 2028 Similis.

1025 403 1052 461 A
1103 401 1205 459 Viribus
1215 406 1309 479 oistntl
1323 409 1415 464 Pisum
1432 412 1657 465 nontransuuttit.

1099 490 1220 568 Defluus]
1233 495 1365 553 lleorsum
1382 499 1478 555 lluens.

1099 582 1215 655 limittit]
1235 585 1405 644 liemouauu.

1101 673 1188 746 Obice]
1204 676 1372 745 Objeetioue.

1099 761 1165 820 seat
1176 766 1255 820 soleti
1265 766 1339 841 rupe]
1352 768 1479 826 llissoluti
1493 785 1596 840 erupe.

1096 853 1216 926 Lumine]
1232 856 1300 912 risu.

1095 943 1219 1019 Cernere]
1233 946 1337 1005 uidere.

1098 1033 1204 1108 Verum]
1221 1036 1377 1095 Veritatem.

1095 1125 1206 1198 Carpere
1216 1129 1317 1202 rodem]
1331 1130 1382 1186 lre.
1394 1131 1440 1187 Sic
1451 1132 1579 1188 Ouidius:

1152 1217 1178 1267 ‘ii
1190 1221 1243 1267 rota
1254 1218 1371 1282 deluerit,
1385 1226 1411 1271 tu
1424 1221 1488 1282 pede
1499 1234 1572 1285 carpe
1584 1225 1656 1274 uiam.

1094 1295 1375 1370 Nubilu10bscurata,
1388 1303 1552 1371 perturbata.
1605 1318 1613 1335 ·

1096 1386 1157 1460 litt]
1173 1389 1200 1444 lu
1216 1401 1381 1460 linamente.
1826 1450 1829 1455 .

1094 1479 1168 1553 lices]
1185 1482 1230 1536 llas
1245 1483 1470 1551 perturbationes,
1484 1484 1517 1541 de
1538 1484 1634 1555 quibus
1648 1483 1806 1554 Pluilelplrus
1824 1487 1853 1542 iu

1057 1572 1170 1628 Satiris:
1660 1618 1665 1627 .

1121 1661 1166 1711 llic
1179 1662 1258 1723 timet,
1273 1661 1316 1712 ille
1327 1664 1405 1725 capit,
1418 1663 1488 1712 dolor
1498 1664 1553 1713 laiac
1564 1663 1632 1727 lurit,
1645 1662 1702 1713 lade
1716 1664 1839 1728 voluptas,

1020 1760 1045 1819 Β
1061 1740 1095 1795 Ει
1110 1755 1160 1804 uos
1175 1745 1202 1796 iu
1214 1742 1301 1810 primo
1315 1741 1486 1813 Elegiaruuu:

1122 1829 1246 1890 Languida
1258 1830 1388 1879 eondciuot
1399 1830 1527 1879 rutundsees
1539 1838 1638 1891 pectora
1650 1844 1727 1893 eure,

1151 1889 1215 1940 lline
1226 1904 1295 1953 spes,
1307 1892 1363 1939 inde
1376 1901 1466 1951 sanetus,
1482 1891 1564 1941 letitia
1574 1901 1649 1954 atque
1660 1893 1737 1942 dour.

1095 1969 1222 2040 Heqnunt]
1238 1971 1423 2027 Duuuninantnr.

1672 2045 1808 2061 Μ

803 2095 949 2207 utnon
975 2118 1255 2205 snounous.

432 2303 465 2358 lli
485 2303 623 2362 enosalt
641 2306 783 2362 intituli.

243 2393 384 2463 Superiori
405 2397 540 2455 volumnae
559 2398 642 2454 Boetii
664 2402 780 2470 querele
800 2402 955 2474 dolorisque
975 2411 1004 2459 et

209 2488 374 2558 egritudinis
387 2503 475 2544 rause
491 2499 554 2544 sonat
569 2492 715 2560 expo-itas,
732 2492 828 2561 quibos
839 2496 946 2564 penitus
961 2494 1003 2550 io-

210 2579 362 2651 trospeetis,
377 2579 549 2649 Philosophia
569 2583 729 2652 peritissima
746 2584 929 2657 languentium
944 2585 1003 2641 ani-

208 2683 313 2726 morum
336 2671 541 2738 medicandae
560 2673 612 2730 luoe
624 2675 651 2730 iu
679 2675 746 2730 libro
765 2677 883 2732 remedia
897 2676 1002 2733 eoolert

207 2760 249 2834 (ιιι
263 2778 343 2834 supra
359 2766 477 2834 pollicita
497 2768 550 2838 est)
565 2784 596 2823 es
615 2784 676 2838 quas
696 2781 757 2825 suut
773 2771 952 2842 levioraque
973 2772 1001 2826 iu

207 2853 384 2925 subsequenti
392 2857 701 2915 uolumiueootnnuodius
711 2861 814 2915 acriora
828 2862 912 2931 possit
924 2861 1002 2916 adbi-

156 2954 159 2961 ’
207 2944 1001 3022 bere.'latrantemdisputationanespeetateo,utostendat

210 3036 398 3095 brtuoaebona
406 3040 515 3095 minime
526 3041 626 3096 nostris
638 3042 665 3095 io
674 3042 1000 3098 bouisesseuunuersuda.

1091 2295 1203 2365 Tempus
1223 2295 1337 2366 inaure]
1358 2295 1412 2353 Pro
1434 2297 1588 2355 hauriendi.
1609 2296 1654 2356 Sic
1675 2296 1801 2356 lloratius
1824 2301 1855 2361 io

1054 2386 1178 2456 epistolis
1191 2403 1199 2441 ε

1116 2476 1226 2540 Tempus
1236 2477 1306 2526 abire
1318 2477 1372 2527 tibi.

1055 2559 1211 2630 Propertius
1223 2575 1231 2612 τ

1114 2659 1185 2711 Nunc
1199 2667 1238 2710 est
1249 2657 1379 2710 discedere
1391 2666 1497 2722 tempus.

1091 2750 1216 2824 Suad'slnl
1233 2751 1278 2808 Vis
1292 2760 1319 2806 et
1334 2751 1447 2806 incultas
1461 2750 1603 2807 suadendi.

1091 2844 1188 2900 Nostro
1198 2841 1323 2914 instituto]
1337 2841 1516 2912 Philosophi-‘o
1528 2853 1670 2914 praeceptis.

1089 2932 1201 3006 desua]
1217 2933 1337 3000 Poetica,
1350 2947 1430 3003 quam
1447 2943 1475 3017 et
1488 2933 1630 2989 Terentius
1654 2933 1787 2990 musicam
1801 2950 1851 3005 ap-

1053 3025 1170 3096 pellarit.

204 3131 645 3208 ·Postuoec}Postdecanlatuuu
661 3134 811 3204 proximum
826 3149 945 3190 carmen.
1014 3109 1037 3175 c
1089 3111 1268 3184 limam]
1285 3112 1524 3170 ffliifflfflibffi&

242 3224 302 3298 Ubi]
316 3225 472 3294 Poslquam.

240 3316 530 3389 liedestnllloderata.

238 3407 357 3481 Colleqit]
371 3409 485 3466 lieleeit.

239 3499 341 3555 deoru
356 3499 403 3572 est]
413 3500 501 3570 Coepit
514 3501 597 3572 loqur.

239 3591 376 3664 Habitum]
391 3593 578 3656 dilectionem,
589 3595 806 3662 disparationem.

216 3732 218 3739 .
239 3683 371 3756 Telercis]
382 3684 565 3741 consumeris.

238 3777 374 3851 Peruenit]
387 3777 535 3835 Perturbat.

238 3870 318 3928 illius
330 3870 452 3945 prodiqii]
468 3873 624 3928 lloostrosae
640 3873 764 3929 luurnunns.

238 3961 336 4034 Peroe]
347 3962 477 4020 indoles.
488 3963 631 4020 Terentius
644 3965 671 4020 in
687 3964 815 4020 Eunucla:

264 4053 314 4103 Per
326 4053 465 4117 impluvium
476 4055 558 4106 lucum
568 4058 658 4107 lutum
670 4058 777 4107 mulieri.

241 4139 310 4204 Quos
324 4139 429 4193 eludere
443 4140 546 4211 nititur}
561 4140 680 4195 tuuuuas
693 4141 864 4208 Calauiorum:

264 4230 311 4280 Dat
320 4229 418 4281 tortum
428 4243 514 4281 luanus
523 4231 610 4294 quibin
622 4239 661 4281 est
672 4233 779 4282 nocitura
790 4232 912 4282 sectandas
923 4249 929 4278 ;

296 4291 370 4343 llidet
382 4299 410 4343 ut
419 4292 519 4355 alliciat,
532 4292 637 4357 porrigit
649 4301 676 4344 st
688 4295 775 4356 capiat.

203 4371 304 4429 Seneca
316 4390 323 4427 ε

266 4464 438 4515 Fortunarum
450 4465 583 4529 blanditur,
595 4471 718 4530 capulum
735 4475 811 4518 nean.

239 4548 378 4621 incessere]
399 4550 541 4620 impetere,
562 4552 700 4607 insectari.
720 4551 824 4607 Gellius
841 4567 847 4602 :
866 4550 932 4604 Cum
956 4568 999 4605 uuio

203 4641 355 4698 attaledictis
366 4642 521 4698 incesseret.

239 4732 335 4806 Adpto]
348 4736 464 4806 idytum
476 4736 603 4792 loeus‘est
614 4738 745 4793 secretior
757 4736 860 4804 uuuupli,
875 4736 908 4789 aul
919 4753 999 4807 upmuu

204 4827 323 4881 nonnisi
338 4828 470 4882 sacerdoti
483 4828 597 4882 dabutur
612 4824 755 4884 amasses.
765 4828 889 4898 Virgilius
903 4846 909 4880 :

267 4915 341 4978 laque
353 4917 431 4979 adytis
442 4917 496 4966 lusu
507 4919 585 4966 tristis
597 4918 661 4967 dicis
673 4925 792 4980 reportet.

205 5000 254 5056 tlte
268 5001 386 5070 intellige
402 5001 581 5068 Pluilosopluiae
599 5002 785 5064 secretarium,
798 5011 998 5071 quodomnium

204 5109 304 5151 numen
318 5108 392 5149 sacra
406 5104 459 5158 est,
473 5103 500 5148 et
515 5093 679 5148 ueneranda.

246 5184 340 5239 Verum
352 5186 433 5239 omnis
442 5185 525 5238 sitiitn
536 5185 748 5250 mutotioreruut,
761 5201 812 5238 ιιοιι
825 5185 880 5237 sine
888 5186 998 5252 quodum

203 5276 996 5352 qumieouttiistucoattinqitonimorum]Pulcluroetverissitua

205 5369 266 5427 hatte
278 5379 319 5426 est
333 5369 475 5434 sententia,
492 5383 573 5438 aqua
590 5384 643 5421 nou
659 5369 793 5435 discrepat
806 5368 849 5421 illo
868 5367 995 5421 Senecas:

209 5463 213 5469 ’
269 5461 371 5512 Grauius
380 5465 463 5522 uocet,
474 5460 638 5522 quodeunque
652 5460 810 5522 inexpertum
823 5457 909 5506 accidit

204 5537 242 5601 El
253 5545 372 5611 ejusdcm
389 5544 435 5600 illa
447 5560 454 5597 :

268 5633 351 5682 Graue
362 5637 400 5681 est
411 5631 500 5681 malum
510 5645 583 5681 omne
595 5646 628 5693 qu
637 5632 659 5679 d
671 5632 716 5680 suli
729 5637 829 5694 aspectu
842 5630 909 5680 latai.

243 5711 382 5786 Cotupiiclu]
397 5716 592 5781 ιῖιιιιιιιιοιίοιιιι,
605 5717 735 5772 cruciatu.

1088 3208 1122 3262 lu
1137 3207 1243 3279 ipsurui
1256 3207 1425 3284 innutabiliture
1444 3205 1623 3279 constnntiom]
1638 3174 1716 3263 ovid.
1730 3200 1766 3262 'iu
1787 3207 1847 3263 'Pri-

1054 3298 1137 3354 ilibus
1149 3317 1155 3350 z

1116 3409 1230 3458 Passibus
1241 3408 1361 3469 auttluiunis
1373 3406 1468 3456 iortuoa
1479 3407 1591 3456 solubilis
1602 3413 1678 3467 errat,

1146 3470 1177 3520 Et
1188 3477 1270 3519 uuanet
1282 3471 1304 3516 iu
1318 3468 1383 3517 trullo
1395 3477 1461 3516 certa
1475 3475 1603 3530 terrasque
1616 3469 1678 3520 loeo.

1114 3531 1163 3581 Sed
1175 3532 1246 3580 modo
1258 3530 1318 3579 leta.
1326 3537 1417 3581 manat.
1431 3528 1511 3578 uultus
1522 3531 1594 3579 modo
1604 3535 1678 3581 sumit
1688 3531 1801 3593 scerltos,

1143 3592 1175 3643 lit
1186 3601 1278 3642 tuntum
1288 3599 1403 3641 constans
1414 3591 1438 3638 in
1450 3591 1551 3640 leuitate
1564 3604 1608 3640 sua
1620 3600 1667 3641 est.

1087 3693 1226 3764 autunum
1243 3691 1345 3762 uultus]
1371 3691 1510 3756 lucenos,
1532 3693 1612 3748 modo
1634 3693 1743 3754 bilares,
1765 3694 1849 3749 modo

1053 3788 1153 3843 tristes.

1092 3878 1158 3934 ceu
1173 3875 1295 3948 terminis]
1308 3876 1443 3942 Fortunae,
1456 3890 1535 3947 quam
1546 3887 1650 3933 telcres
1659 3877 1737 3933 deam
1747 3893 1846 3935 ceceanu

1053 3977 1116 4022 sunt
1131 3966 1249 4020 tabulati.
1263 3965 1364 4018 Plinius
1378 3966 1424 4018 lib.
1440 3982 1457 4019 ιι
1470 3967 1604 4021 llanralis
1615 3967 1746 4033 llistoriae,
1760 3969 1849 4037 eapite

1055 4061 1071 4114 7
1086 4076 1094 4113 a
1107 4058 1176 4112 loto
1188 4057 1286 4126 quippe
1301 4057 1410 4124 tuttundo,
1424 4071 1452 4113 et
1471 4059 1536 4114 loeis
1551 4058 1688 4124 omnibus,
1708 4060 1845 4116 omnibus·

1058 4165 1112 4220 que
1126 4148 1211 4212 luoris,
1225 4146 1364 4201 homiuum
1378 4148 1488 4203 vocibuis
1504 4148 1608 4204 fortuna
1626 4151 1682 4204 sola
1696 4151 1844 4220 invocatur,

1055 4246 1083 4301 el
1104 4261 1155 4301 ona
1178 4244 1340 4310 continetur,
1365 4262 1416 4301 uuna
1439 4256 1589 4316 accusatur,
1615 4264 1666 4303 una
1687 4250 1774 4317 agitur
1788 4263 1845 4314 rra,

1058 4353 1109 4392 arua
1125 4321 1273 4408 cogitatur,
1293 4338 1349 4392 sola
1372 4338 1503 4405 laudatur,
1526 4340 1581 4394 sola
1602 4341 1844 4410 augustinensem

1053 4431 1177 4484 convitiis
1194 4415 1312 4484 collitur:
1335 4430 1521 4500 volubilisque,
1546 4445 1560 4484 a
1587 4431 1720 4500 plerisque
1738 4445 1803 4485 tero
1817 4441 1844 4488 et

1052 4537 1122 4577 cuca
1150 4522 1231 4576 etiarn
1255 4521 1416 4585 existimata,
1437 4537 1516 4591 uaga,
1540 4522 1704 4587 inconstans,
1734 4524 1845 4588 incerta,

1055 4613 1138 4678 uaria,
1158 4613 1381 4682 indignorumque
1401 4610 1509 4666 ianitrix.
1527 4611 1594 4666 lluie
1613 4613 1702 4671 antusia
1716 4615 1841 4681 eipensa,

1056 4685 1221 4760 lucie-omnia
1234 4708 1353 4758 inuruntur
1367 4715 1487 4772 accepta,
1504 4713 1531 4757 et
1545 4705 1572 4757 io
1586 4715 1642 4758 tata
1658 4706 1761 4758 rationo
1775 4719 1844 4757 nuor-

1054 4797 1144 4852 tuliuun
1167 4797 1225 4851 sols
1241 4805 1380 4865 utriusque
1404 4796 1526 4863 pagiuam
1550 4794 1623 4849 iacit.
1643 4797 1679 4850 ll.
1703 4796 1807 4850 Tullios
1820 4797 1845 4850 in

1057 4889 1154 4943 tutio:
1169 4888 1227 4942 Non
1247 4889 1317 4942 euim
1342 4885 1428 4939 nolam
1446 4885 1503 4952 ipsu
1519 4886 1627 4940 lartuua
1644 4902 1715 4940 caeca
1732 4897 1784 4951 est,
1800 4889 1845 4941 seul

1052 4997 1098 5035 cos
1119 4981 1198 5035 eliam
1220 4979 1377 5047 plerumque
1404 4977 1487 5031 elileit
1506 4993 1595 5031 cunnos
1619 4994 1687 5047 qnos
1706 4965 1868 5048 conplexa

1050 5082 1102 5128 est.
1114 5071 1273 5126 Franciseus
1287 5070 1431 5125 Petrarelua
1443 5071 1468 5123 in
1484 5069 1631 5124 Brucolicis:

1113 5162 1182 5213 Casca
1193 5169 1257 5210 rotat
1266 5160 1362 5210 iortuana
1372 5160 1455 5222 Meni,
1470 5168 1531 5210 rotat
1542 5163 1624 5210 onmis
1638 5160 1722 5211 tatium.

1053 5250 1169 5303 Auctore
1182 5247 1280 5301 fistule
1291 5246 1429 5303 Tlteluauo,
1446 5245 1562 5299 Fortuna
1578 5261 1661 5312 super
1676 5243 1765 5313 lapide
1780 5259 1846 5310 quo-

1050 5340 1112 5394 danu
1128 5340 1241 5390 totutmlo
1255 5336 1405 5389 obtunsiore
1418 5335 1533 5398 uitetur,
1546 5343 1574 5389 et
1584 5351 1636 5389 ιιιιιι
1653 5336 1741 5389 solum
1760 5348 1844 5396 cuca,

1050 5433 1098 5487 sed
1115 5430 1207 5484 insania
1221 5429 1301 5484 etiarn
1314 5437 1342 5483 et
1354 5429 1433 5482 surda
1447 5438 1496 5484 est.
1513 5428 1674 5482 illuambulat
1687 5441 1846 5496 quoeunque

1051 5526 1179 5595 potitium.
1191 5531 1218 5575 et
1230 5522 1290 5576 aliis
1303 5522 1413 5591 quidetn
1426 5523 1564 5575 facultates
1573 5522 1663 5586 eripit,
1680 5521 1740 5574 aliis
1755 5519 1846 5581 tradit,

1052 5615 1257 5683 alueisdemque
1277 5628 1368 5666 nursam
1394 5614 1481 5666 arulurt
1507 5613 1576 5666 illico
1604 5629 1664 5682 sputa·
1688 5611 1844 5669 tradidero.

1052 5717 1132 5778 atque
1142 5705 1312 5760 alilsleuucro
1322 5703 1536 5773 instabilitorque
1547 5703 1680 5759 corucedit.
1694 5699 1844 5757 incurius:
