3906 6180
232 341 267 396 75
801 338 937 399 audebit
957 338 1107 400 ostentui
1125 338 1313 432 'ticinensis

1828 340 1863 399 li

231 456 317 513 bonus
331 457 447 516 novitate
457 460 595 517 turbetur:
609 456 708 530 liquido
719 457 805 515 aderit
816 460 935 530 partibus
946 459 1011 527 suis,
1026 463 1055 523 Α
1066 473 1150 530 gentis
1165 457 1277 526 inquiro.
1297 452 1363 511 Vide
1376 450 1438 526 quid
1456 449 1557 511 iaciant
1577 465 1673 508 serena
1688 451 1857 523 diligentiae:

205 557 208 561 ·
232 560 258 604 et
270 549 332 604 ritae
344 551 438 620 opibus
450 551 573 624 pensabit
586 552 683 606 damna
696 551 848 607 verborum.

514 648 681 708 urtstotit
703 650 737 708 X.

408 744 536 787 snuootus
557 733 566 763 ¹
586 746 751 788 rnsstamtoo
770 748 796 787 r.
817 748 836 787 ι.

264 820 322 876 Νοιι
346 819 482 878 temeritas
505 837 549 878 me
573 824 606 878 ad
632 823 753 893 paginale
781 823 858 879 duxit
884 819 1019 887 oilreium,

230 912 337 982 quando
358 913 391 968 ad
415 929 522 969 omnem
546 916 762 970 communionem
785 913 918 969 subditum
941 927 1018 967 sitnm

229 1006 309 1074 regite
322 1004 413 1077 stirpis
427 1021 537 1077 germen
556 1007 659 1062 inritat.
680 1007 728 1062 Est
741 1008 813 1062 enim
836 1005 893 1059 baec
911 1003 1019 1060 claritas

204 1128 209 1135 -
229 1095 398 1151 dominorum
415 1099 512 1154 inserta
532 1098 678 1163 natalibus,
692 1110 721 1151 ut
734 1097 849 1151 eulmina
864 1110 911 1150 sna
926 1096 1019 1165 digna·

228 1187 303 1241 tione
313 1188 468 1242 subliment.
485 1187 570 1243 Vultis
581 1189 657 1258 quusi
672 1188 788 1258 aequales
805 1194 919 1241 tractare
934 1189 1031 1239 samu·

229 1277 288 1353 los,
304 1287 333 1332 ut
353 1281 386 1334 ab
404 1281 460 1347 ipsa
475 1277 552 1334 robis
574 1294 620 1348 per
639 1292 760 1334 amorem
783 1276 936 1332 obsiditione
960 1275 1018 1344 plus

228 1369 354 1425 debeant.
371 1369 462 1435 Unde,
487 1369 605 1439 piissime
620 1368 745 1435 domine,
767 1366 924 1437 obsequium
944 1364 1018 1420 exiri-

227 1461 294 1518 beus
315 1477 375 1518 cum
391 1462 565 1533 generalitate
586 1460 761 1527 soluendum,
784 1460 905 1531 significo
927 1474 970 1515 me
984 1458 1018 1513 ad

227 1553 488 1624 aliquasnpqerenda
497 1555 658 1624 perlatorem
668 1552 841 1622 praesentium
851 1550 1016 1607 destinasse:

228 1659 276 1699 ros
290 1643 386 1700 edeetu
401 1644 499 1700 donate
513 1644 677 1714 supplicem,
692 1644 755 1715 quia
766 1657 814 1714 spe
829 1641 912 1699 loitus
925 1655 1018 1712 preca-

226 1735 392 1793 toraueessi.

508 1823 674 1882 epistota
691 1823 738 1881 xt.

475 1934 601 1976 arnonius
620 1934 759 1975 sparsose.

262 2016 312 2082 Qui
331 2017 442 2071 amicam
463 2017 654 2073 conscientiam
670 2014 818 2070 manifestis
835 2012 928 2084 pandit
948 2011 1017 2066 indi·

129 2141 134 2148 -
227 2111 292 2176 ciis,
310 2110 378 2165 tollit
392 2111 489 2175 otirtm,
504 2110 601 2181 quibus
619 2110 713 2180 gratiae
728 2107 884 2178 prostiterit
903 2105 1016 2176 dignita·

227 2214 291 2261 terri.
309 2204 357 2258 lis
372 2205 441 2259 enim
465 2203 559 2259 leriata
579 2203 635 2258 sint
652 2217 700 2258 ora
721 2201 793 2272 ejus,
814 2202 858 2271 qui
879 2198 1017 2255 cousuevit

227 2296 313 2349 audiri
329 2313 335 2347 ε
352 2296 413 2363 cirria
428 2310 552 2364 magnum
571 2294 739 2366 dispendium
754 2293 863 2364 pudoris
881 2301 937 2359 est,
953 2306 1016 2346 uer-

226 2385 321 2441 borum
337 2387 452 2442 retinere
461 2370 633 2453 'oeneueiom
647 2393 676 2441 ut
684 2384 747 2441 dum
759 2386 855 2456 linguae
871 2384 1014 2455 parcimus,

208 2477 375 2532 ¹lienestatis
399 2479 506 2549 prodiga
524 2478 597 2534 irons
618 2479 731 2534 laboret.
746 2478 801 2532 lios
816 2492 859 2532 me
880 2475 1017 2549 garrulum

207 2578 210 2592 ²
226 2566 338 2633 lecistis,
349 2569 394 2639 qui
406 2584 501 2640 preces
512 2583 585 2625 meas
596 2568 745 2626 coiisuestis
755 2568 907 2624 admittere.
919 2566 971 2624 Sed
982 2583 1017 2625 ne

207 2662 377 2732 ‘prestanda
400 2664 606 2736 circumloquar,
620 2673 647 2718 et
661 2662 781 2732 epistole
799 2661 951 2733 prolixitate
967 2661 1017 2716 im·

208 2752 353 2821 'petrando
379 2755 556 2826 suspendam,
581 2755 614 2810 ad
637 2770 694 2810 rem
714 2754 805 2811 redeo.
830 2752 956 2809 Sublimis
975 2753 1016 2807 sir

224 2844 385 2901 Laurentius
400 2847 501 2903 reditus
514 2848 565 2903 sibi
579 2846 694 2916 debitos,
708 2863 775 2918 qnos
789 2845 910 2900 Romana
926 2843 1017 2899 Eccle-

224 2938 264 2994 sia
286 2940 355 2993 iacta
379 2954 440 2995 cnm
464 2952 573 2996 auctore
586 2941 644 3010 ejus
659 2951 701 2996 est
716 2942 838 3010 pactione
858 2938 1016 3009 pollicitae

225 3031 324 3086 domno
338 3046 405 3103 papa
420 3018 516 3088 asserit
528 3035 578 3088 sub
588 3035 680 3090 neseio
690 3048 741 3103 qua
756 3032 925 3107 oppositione
936 3031 1017 3086 dene-

224 3125 290 3194 gari.
307 3124 336 3177 lu
351 3140 404 3193 spuo
417 3128 525 3194 creporio
539 3124 661 3181 iasonem
678 3140 726 3193 per
748 3141 791 3179 me
804 3132 902 3179 restra:
922 3123 1017 3178 delen·

1070 550 1147 621 quasi
1162 559 1246 604 totum
1261 547 1329 603 mibi
1340 562 1373 603 ex
1394 547 1525 603 sententia
1539 544 1666 609 unierit,
1686 545 1722 600 ita
1745 546 1861 616 simplici

1070 656 1181 696 moriere
1196 640 1326 711 placatus,
1350 648 1437 695 errata
1452 640 1585 695 concessi.
1614 636 1702 694 ilabes
1726 638 1797 695 unde
1823 641 1861 710 pii

1069 733 1170 787 amoris
1185 718 1297 787 iormam
1312 727 1398 801 possis
1412 746 1561 796 assumere,
1575 740 1603 785 et
1621 732 1692 785 circa
1713 731 1858 788 amicitiam

1070 823 1228 879 constantiae
1243 823 1365 893 exempla
1385 822 1512 876 mutuari.
1538 821 1578 876 lle
1597 820 1620 877 si
1648 823 1779 894 sequeris,
1808 839 1858 879 nee

1070 909 1147 986 plural
1159 926 1208 972 tea
1225 916 1413 986 conjunctione
1429 923 1536 983 peccata
1552 914 1704 980 retrabunt,
1726 926 1753 972 et
1772 932 1857 972 unutu

1070 1007 1237 1065 benefactum
1253 1008 1351 1063 sodalis
1368 1005 1404 1061 tui
1421 1007 1515 1077 culpas
1530 1009 1661 1063 absolvet.
1683 1006 1724 1063 lle
1744 1008 1856 1076 silentii,

1069 1098 1163 1163 irater,
1176 1114 1218 1154 me
1232 1097 1375 1153 oblivionis
1393 1097 1520 1152 incessis?
1543 1098 1592 1154 libi
1606 1108 1663 1154 erat
1675 1100 1726 1153 iste
1738 1115 1855 1170 enimus,

1068 1191 1174 1265 quando
1187 1206 1236 1247 nee
1258 1193 1422 1262 promulgata
1445 1191 1576 1263 colloquia
1595 1206 1717 1248 meruere
1742 1207 1856 1264 respon·

1069 1298 1144 1351 suin:
1157 1299 1206 1339 nee
1224 1284 1258 1339 ad
1272 1285 1336 1356 styli
1357 1285 1539 1354 imperandam
1561 1285 1769 1344 sollicitudiuem
1784 1303 1856 1359 prce·

1068 1375 1127 1429 rius
1141 1373 1276 1430 existebas
1287 1372 1298 1427 ἲ
1309 1374 1354 1430 ubi
1368 1373 1417 1428 iuit
1430 1375 1616 1430 inabstinentia
1627 1376 1784 1433 tabellarum
1799 1393 1854 1436 non

1068 1467 1140 1521 eirea
1153 1480 1247 1521 omnes
1261 1467 1286 1521 in
1297 1466 1404 1537 Liguria
1416 1465 1572 1522 custodita?
1587 1467 1675 1523 ilultis
1690 1484 1705 1524 a
1720 1469 1855 1530 desiderio

1068 1566 1115 1613 tuo
1130 1557 1374 1628 peregrinantibus,
1390 1558 1417 1612 ιιι
1428 1558 1636 1614 solatiodoloris
1658 1560 1766 1630 paginas
1779 1563 1856 1617 cxlii-

1066 1648 1166 1716 bendo,
1176 1648 1278 1704 etmihi
1289 1648 1496 1703 taciturnitatem
1508 1649 1680 1716 continuasti,
1691 1660 1718 1707 et
1727 1649 1779 1708 iliis
1787 1667 1855 1720 prae·

1067 1737 1150 1793 buisti
1166 1749 1260 1793 eontra
1271 1749 1330 1793 rota
1341 1739 1523 1809 colloquium:
1539 1741 1600 1809 quia
1611 1747 1653 1796 est
1662 1740 1711 1796 ista
1727 1743 1855 1801 bumana·

1031 1821 1056 1888 B
1070 1843 1128 1884 rum
1144 1844 1234 1885 rerum
1253 1831 1333 1897 ratio,
1350 1837 1380 1884 ut
1395 1845 1443 1899 pro
1458 1845 1554 1901 niaque
1569 1833 1727 1901 cognatione
1737 1849 1784 1903 par
1798 1846 1854 1891 stu·

1068 1919 1141 1976 diurn
1152 1935 1258 1991 semper
1267 1928 1364 1977 exstat.
1385 1920 1467 1991 Cujus
1481 1922 1585 1978 ordinis
1600 1924 1750 1994 immemor,
1768 1927 1855 1983 ruini·

1067 2013 1101 2067 sti
1130 2014 1233 2069 sociare
1262 2013 1384 2083 quaedam
1409 2014 1530 2082 imperita
1545 2028 1605 2069 eum
1634 2015 1855 2086 litteris;putans

1067 2101 1141 2159 coire
1154 2106 1270 2174 possein
1284 2103 1408 2160 allectum
1420 2113 1476 2160 toto
1486 2106 1552 2160 calle
1562 2105 1698 2162 distantia.
1714 2107 1781 2176 Quid
1795 2126 1855 2180 pro·

1064 2198 1152 2265 ⁷morit
1164 2197 1246 2252 suada
1269 2198 1354 2252 oratio
1370 2207 1425 2266 tua,
1451 2199 1613 2255 elucubratis
1627 2201 1784 2257 concionata
1799 2218 1856 2258 ser·

1066 2290 1203 2356 monibus,
1214 2289 1320 2360 quaudo
1332 2290 1461 2346 bonarum
1477 2291 1575 2346 artium
1586 2293 1691 2348 nescios
1703 2292 1855 2363 appellabat

1067 2390 1173 2433 amante
1194 2380 1365 2449 posthabito?
1382 2381 1435 2436 Sed
1451 2380 1512 2437 bine
1526 2381 1611 2447 alias:
1625 2383 1686 2437 noio
1697 2397 1856 2440 excessuum

1068 2470 1267 2527 multitudinem
1283 2472 1414 2543 relegere,
1431 2475 1474 2543 qui
1489 2474 1563 2530 brevi
1577 2475 1758 2530 satisiactione
1780 2475 1851 2531 deli·

1067 2562 1140 2618 nitus
1158 2578 1228 2618 sirm.
1257 2564 1322 2618 Nam
1341 2566 1471 2632 parcitate
1492 2567 1519 2621 in
1543 2566 1701 2636 eloquendis
1725 2568 1777 2623 illis
1792 2582 1856 2623 usus

1066 2648 1182 2720 ineram,
1197 2653 1247 2707 nisi
1261 2668 1342 2710 nosse
1355 2668 1402 2709 ros
1425 2653 1580 2724 crederem,
1599 2653 1633 2711 de
1658 2656 1766 2712 oderisii
1789 2656 1856 2713 illud

1067 2760 1209 2802 remanere
1223 2745 1294 2815 quod
1307 2745 1418 2816 tegitur,
1439 2755 1467 2800 et
1489 2747 1559 2815 quod
1587 2749 1721 2803 invocem
1740 2747 1856 2817 erumpit

1066 2839 1197 2895 amoveri.
1216 2840 1329 2894 Domine
1343 2841 1390 2902 mi,
1405 2855 1509 2911 precor,
1533 2853 1561 2895 ut
1580 2843 1691 2910 posticae
1705 2841 1738 2896 ad
1753 2855 1856 2911 eaquae

1067 2930 1138 2985 male
1161 2930 1254 2985 haberi
1280 2930 1407 3000 didicisti,
1430 2947 1483 2986 non
1510 2943 1634 3001 tanquam
1661 2933 1857 2990 emendationis

1067 3031 1236 3092 contemptor
1250 3022 1367 3089 aspires,
1380 3020 1429 3077 sed
1441 3024 1538 3077 crebro
1558 3022 1623 3076 mibi
1643 3022 1734 3078 dulces
1746 3024 1857 3094 paginas

1068 3114 1164 3186 dirige,
1181 3125 1210 3170 ut
1223 3124 1328 3170 creseat
1342 3115 1392 3173 dos
1414 3115 1538 3186 lacendo,
1568 3117 1631 3172 dum
1653 3125 1743 3174 serrat
1762 3130 1857 3174 saera-

224 3216 308 3269 tionis
322 3216 465 3285 implorat:
482 3227 580 3271 utrem
602 3233 682 3286 quam
708 3217 813 3273 debetis
828 3215 942 3286 iegibus,
963 3215 1013 3270 vi·
1027 3192 1051 3259 c
1067 3219 1158 3266 mento
1171 3207 1334 3265 concordie.

225 3304 341 3360 deamini
352 3307 480 3362 exbibete
490 3307 648 3376 diligentias,
659 3316 687 3361 et
698 3306 760 3360 illud
776 3316 881 3361 crescat
895 3305 1012 3373 affectui,

210 3400 296 3470 'qood
323 3399 448 3469 denegari
476 3415 529 3452 riori
557 3399 618 3454 licet
639 3399 768 3470 aequitati.
792 3399 848 3454 Vos
871 3397 941 3453 lianc
956 3414 1014 3454 rem

224 3492 299 3561 iuxta
311 3490 443 3546 desideria
458 3506 515 3546 mea
533 3490 660 3546 tribuite:
675 3498 705 3546 ιιι
725 3501 852 3561 quantuni
877 3490 1014 3545 nominato

224 3583 282 3638 siro
307 3583 504 3640 commoditatis
525 3585 679 3649 accesserit,
695 3590 797 3637 tantum
826 3599 870 3639 tue
896 3580 1015 3637 intruseris

225 3675 360 3746 aeeepisse
380 3677 517 3732 conlitear.
534 3676 652 3732 Salutem
676 3691 740 3747 crgo
755 3673 858 3740 diceus,
880 3689 970 3747 spero,
984 3683 1015 3729 ut

224 3767 295 3822 eirea
307 3767 396 3821 irruiria
412 3765 572 3832 litterarum,
589 3782 639 3822 nee
663 3767 785 3822 sincerus
807 3780 883 3820 arnor
895 3765 1015 3820 vacatio-

224 3872 286 3912 nem
301 3858 423 3928 aeeipiat,
440 3859 621 3914 neeiaeondia
635 3861 716 3913 tutius
730 3859 804 3913 orbis
828 3856 962 3912 celebrata
975 3866 1014 3912 te·

225 3952 538 4008 stimonioconticeseat.

505 4059 671 4117 epistota
687 4059 742 4116 xit.

491 4171 620 4210 ausonius
643 4170 745 4211 rosnat.

259 4247 358 4303 Natura
374 4257 478 4318 partum
492 4259 543 4314 est,
557 4259 585 4303 ut
597 4264 660 4305 cura
682 4250 780 4318 migret
794 4244 972 4317 ingaudium,
986 4251 1014 4301 et

224 4349 344 4396 mutetur
357 4339 464 4412 querela
479 4341 632 4410 preconiis,
645 4343 768 4412 quotiens
781 4340 870 4410 cupita
886 4339 1012 4396 tribuun-

225 4439 278 4486 tur.
307 4430 425 4485 lneertus
448 4431 528 4486 animi
563 4429 599 4485 lui
629 4429 760 4501 quidsibi
784 4429 863 4484 vellet
889 4429 1013 4484 sublimi·

224 4523 285 4576 tatis
296 4530 347 4576 tuce
368 4532 421 4576 tam
435 4521 513 4591 longa
534 4522 648 4576 cessatio
667 4537 674 4572 :
690 4521 738 4576 sed
760 4534 821 4576 euni
838 4519 917 4591 potiri
933 4519 1013 4575 datur

224 4624 324 4685 optato,
341 4615 398 4685 ipse
413 4629 461 4685 pro
476 4613 595 4684 partibus
605 4614 657 4669 tois
672 4614 816 4671 bonmtum
829 4615 1013 4673 excusationis

234 4827 236 4832 ,
261 4787 270 4817 ¹
290 4784 459 4841 lrosbnundo
476 4785 510 4844 ι’.
525 4785 563 4861 l.}
578 4789 641 4860 Regi
655 4789 834 4851 vandalorum
854 4794 881 4850 io
905 4796 1006 4855 sirica.

224 4856 356 4911 illustrem
378 4859 465 4910 uirum
480 4872 569 4927 reqetn
584 4868 675 4926 sucat,
689 4861 750 4933 quia
766 4863 914 4922 illustratus
930 4869 1009 4925 titulo

223 4929 251 4983 in
264 4927 385 4980 Raurano
395 4928 506 4996 imperio
520 4930 851 4999 nulluslronoiltlcentior:
865 4948 1007 5006 propterea

224 4997 296 5054 liurre
311 4997 418 5064 regibus
434 4997 595 5065 tribuebant.
612 5002 717 5060 iiuneot
738 5005 817 5061 liodie
828 5008 908 5074 prisci
922 5010 1006 5065 moris

223 5067 334 5127 restiaia
355 5070 380 5120 in
402 5069 551 5136 diplomatis
572 5073 736 5141 pontilicum,
757 5075 784 5131 in
806 5078 902 5147 quibus
930 5094 1005 5149 repet

222 5140 296 5193 siros
311 5137 428 5191 illustres
441 5141 584 5206 appeliant.
599 5143 666 5208 Quin
682 5154 708 5198 et
721 5160 798 5215 reges
809 5147 858 5217 ipsi
875 5149 944 5203 irune
955 5153 1006 5207 sibi

223 5207 329 5265 titulum
340 5207 483 5261 addebant.
500 5210 563 5263 Nam
578 5208 605 5264 ln
616 5215 732 5282 antiquis
744 5231 835 5286 regum
852 5227 1004 5278 nostrornm

224 5280 365 5349 preceptis
387 5288 413 5331 et
435 5280 669 5337 coristitutionibus
682 5286 747 5340 nibil
766 5289 897 5354 usitatius,
923 5307 1005 5360 quam

221 5350 421 5416 (iitildebertus,
442 5348 586 5413 clotarius,
602 5353 736 5422 lippinus,
757 5359 867 5413 menius
887 5376 946 5427 res,
963 5368 1005 5418 ιιι

222 5420 335 5481 illuster.
352 5417 485 5474 Caeterum
507 5418 642 5476 Varrtlal'tei
667 5425 745 5492 lartius
767 5430 837 5498 regis
852 5433 895 5498 qui
909 5432 1025 5489 'lione-¹¹

222 5493 278 5546 rico
293 5491 366 5547 iratri
380 5493 520 5553 suecessit,
538 5506 634 5546 stoinen
650 5497 721 5548 sarie
748 5500 898 5555 enutriri
913 5503 1004 5560 diser·

220 5561 269 5619 tis.
281 5562 492 5617 'lunisauusous
504 5561 632 5617 dieiturln
642 5565 819 5624 aerostieltide
833 5575 932 5628 veteris
944 5577 1003 5643 epi·

220 5634 376 5702 grammatis
387 5648 403 5687 a
418 5638 446 5687 Ρ.
460 5636 564 5690 Pitnoeo
575 5634 639 5690 editi
652 5636 698 5688 tiu.
713 5641 822 5704 n,quod
833 5644 940 5711 qnidam
952 5650 1004 5703 etsi

221 5702 430 5772 antiquariorum
446 5703 510 5759 vitio
524 5705 696 5775 depravatum
706 5706 901 5774 subiicerenon
930 5732 1004 5776 rara·

223 5774 282 5839 bor,
297 5779 352 5826 tum
370 5772 406 5827 eb
419 5772 477 5841 eius
487 5774 629 5832 artiilcium
645 5775 773 5834 bremens
785 5732 1015 5858 mtntms'iopm'

1331 3317 1499 3376 ertsrota
1520 3320 1588 3376 xttt.

1260 3441 1386 3482 ennomus
1411 3443 1573 3485 cossrirmro
1593 3446 1619 3484 r.
1638 3447 1657 3486 r.

1101 3536 1196 3592 Servat
1215 3539 1368 3607 magnitudo
1390 3547 1435 3593 tua
1450 3541 1522 3595 circa
1543 3542 1643 3596 amiens
1668 3549 1697 3598 et
1710 3542 1855 3599 saeculares

1064 3629 1187 3699 proprios
1197 3628 1261 3683 illud
1276 3630 1346 3699 quod
1357 3629 1407 3684 sibi
1420 3631 1507 3702 iungit
1521 3633 1553 3685 a=l
1563 3632 1686 3702 piciniaco.
1700 3633 1768 3689 llum
1783 3634 1855 3689 enlm

1065 3736 1115 3776 nus
1128 3723 1256 3777 memoria
1270 3722 1365 3793 dignos
1379 3723 1487 3792 ducitis,
1502 3739 1557 3796 ‚tos
1580 3726 1707 3796 probatis.
1728 3725 1794 3781 liant
1810 3727 1855 3786 diu

1065 3814 1093 3869 in
1104 3814 1315 3869 cotrsolationem
1330 3816 1428 3885 scripta
1441 3817 1601 3886 suscipiens,
1617 3816 1745 3872 absentie
1759 3828 1855 3873 restrae

1064 3904 1162 3962 dotrina
1176 3908 1295 3978 suspiro.
1311 3909 1475 3964 tlartiitcem
1490 3910 1629 3964 seientiam
1646 3908 1723 3964 bonis
1738 3909 1855 3965 ccelesii-

1066 3999 1115 4054 bus
1129 4001 1300 4054 institutam!
1316 4015 1351 4057 oe
1364 4000 1443 4055 liceat
1454 4001 1555 4069 aliquid
1572 4001 1681 4070 prolixae
1695 4011 1854 4070 ‘sequestra-a

1065 4089 1132 4143 tioai
1143 4089 1177 4145 de
1187 4089 1283 4146 adectu
1296 4091 1450 4160 decerpere,
1465 4101 1659 4162 presentantes
1671 4105 1776 4146 sacram
1788 4091 1854 4144 ima-

1065 4181 1153 4251 ginem
1177 4184 1280 4237 litteras
1303 4183 1490 4253 promulgatis.
1515 4183 1595 4239 Norit
1620 4184 1689 4238 Deus
1715 4181 1853 4238 discuss'or

1066 4288 1207 4342 sensuum,
1219 4291 1262 4330 me
1274 4275 1400 4331 culminis
1414 4277 1497 4332 vestri
1513 4277 1697 4333 recordatione
1711 4275 1852 4341 riracerari,

1065 4373 1093 4420 et
1104 4366 1205 4421 nulium
1220 4368 1339 4424 invenire
1347 4367 1381 4424 de
1394 4368 1487 4438 optimi
1500 4368 1549 4424 riri
1559 4367 1773 4441 peregrinatione
1786 4365 1851 4420 sub·

1065 4459 1174 4516 sidium.
1190 4459 1283 4516 lieddo
1298 4471 1387 4516 tamen
1402 4461 1538 4531 epistolari
1549 4476 1612 4516 eura
1625 4458 1794 4515 salutationis
1806 4457 1854 4511 ob·

1026 4552 1198 4628 „sequium
1226 4562 1253 4608 et
1281 4553 1428 4623 dignationi
1455 4560 1550 4609 restrae
1572 4553 1686 4624 gratiam
1713 4550 1850 4615 reserens,

1064 4644 1174 4702 fratrem
1188 4659 1295 4718 quoque
1311 4659 1399 4702 :rreum
1413 4645 1545 4704 ioannem
1561 4660 1608 4719 per
1619 4660 1668 4702 ros
1683 4643 1749 4700 mibi
1773 4641 1853 4699 resti·

1064 4820 1188 4889 liensnm,
1200 4830 1255 4879 tom
1265 4824 1324 4894 qnia
1339 4840 1399 4881 cum
1409 4824 1493 4892 ipsius
1504 4825 1575 4896 regis
1588 4824 1696 4879 nomine
1708 4821 1848 4892 scriptum,

1063 4892 1229 4964 thermisque
1240 4897 1273 4949 ab
1287 4911 1320 4950 en
1334 4895 1449 4951 conditis
1468 4898 1617 4965 appositum
1631 4896 1678 4957 sit,
1693 4907 1747 4962 quo
1767 4892 1850 4945 inodo

1063 4965 1143 5018 scribi
1159 4965 1210 5020 linc
1223 4979 1319 5019 nornen
1333 4976 1389 5021 tum
1399 4968 1500 5023 soleret
1511 4968 1611 5023 certius
1623 4967 1741 5021 indicare
1755 4962 1849 5019 ridea-

1063 5043 1116 5089 tur.
1134 5033 1161 5087 ld
1178 5051 1242 5090 vero
1253 5049 1294 5090 est
1306 5034 1473 5106 hujusmodi:

1065 5122 1091 5161 *ἰ
1122 5123 1272 5187 Tranquillo,
1285 5125 1728 5189 nympbae,dceurriteiluminisortu.

1064 5185 1091 5228 ist
1124 5185 1168 5233 llic
1179 5187 1253 5246 proba
1265 5187 1376 5244 ilaqranti
1386 5191 1497 5238 succedit
1508 5191 1596 5236 simine
1608 5188 1683 5247 bebo,

1065 5253 1091 5295 π
1120 5244 1233 5308 linpibus
1243 5249 1350 5298 excelsis
1360 5251 1400 5299 ubi
1418 5263 1482 5298 nune
1491 5251 1585 5311 lastigie
1597 5255 1709 5312 snrgunt,

1065 5317 1088 5353 r»
1121 5306 1306 5372 AEqnanturque
1316 5308 1371 5374 polo
1382 5313 1455 5361 tectis
1465 5321 1580 5373 prseeetsa
1594 5310 1696 5361 iatacra.

1062 5374 1089 5413 w
1120 5368 1226 5418 Sedibus
1238 5372 1276 5420 tile
1286 5374 1379 5431 urapms
1391 5375 1510 5421 ercirdcnt
1523 5383 1640 5421 marmore
1652 5375 1739 5434 signis,

1064 5433 1089 5476 b
1120 5430 1202 5479 Ardua
1212 5432 1330 5481 sublimes
1338 5435 1490 5495 praerineunc
1499 5433 1604 5482 eulmina
1615 5435 1727 5483 titos-ruas.

1063 5500 1096 5554 ς·
1120 5491 1272 5555 bl·irreraqoe
1288 5497 1394 5545 exiunus
1406 5497 1465 5544 taciti
1475 5499 1514 5543 dat
1527 5496 1624 5544 luminis
1635 5503 1728 5545 atictor.

1063 5566 1089 5618 α·
1121 5551 1167 5603 liui
1178 5561 1301 5604 continue
1313 5569 1469 5617 prenoscens
1481 5559 1578 5617 praetuta
1589 5555 1659 5604 lause

1061 5639 1094 5680 Ε
1119 5613 1172 5663 Ιιοιι
1184 5616 1224 5664 liic
1235 5617 1329 5665 flatuma
1341 5619 1435 5667 nocebo
1447 5619 1554 5666 tumdem
1566 5617 1653 5668 diserte
1663 5630 1771 5673 carmen,

1063 5700 1089 5744 υ
1119 5673 1265 5751 Discitetel
1276 5687 1366 5740 quanta
1379 5681 1441 5729 siret
1451 5679 1498 5729 sub
1510 5684 1611 5791 gurfiie
1622 5678 1727 5743 ipmpba.

1121 5736 1275 5790 vinnaicum
1289 5741 1328 5789 bic
1340 5749 1441 5790 renouat
1450 5739 1541 5790 clarum
1568 5743 1690 5792 esemiue
1703 5744 1792 5792 nordeu
1847 5793 1852 5809 ¹

1826 5404 1852 5806 &ivus-11:133
1827 5122 1854 5346 VLOA

1827 5828 1852 5864 S

1064 5820 1091 5864 η,
1119 5799 1250 5862 §uberius
1260 5801 1435 5855 titulomerttis
1445 5806 1494 5854 stas
1511 5801 1589 5866 pratia
1602 5802 1678 5853 laetis.
