<?xml version="1.0" encoding="UTF-8"?>
<!DOCTYPE html PUBLIC "-//W3C//DTD XHTML 1.0 Transitional//EN"
    "http://www.w3.org/TR/xhtml1/DTD/xhtml1-transitional.dtd">
<html xmlns="http://www.w3.org/1999/xhtml" xml:lang="en" lang="en">
 <head>
  <title>
</title>
<meta http-equiv="Content-Type" content="text/html;charset=utf-8" />
  <meta name='ocr-system' content='tesseract 3.04.00' />
  <meta name='ocr-capabilities' content='ocr_page ocr_carea ocr_par ocr_line ocrx_word'/>
</head>
<body>
  <div class='ocr_page' id='page_1' title='image "./patrologiaecurs47unkngoog_0397.png"; bbox 0 0 3906 6180; ppageno 0'>
   <div class='ocr_carea' id='block_1_1' title="bbox 210 292 1847 367">
    <p class='ocr_par' dir='ltr' id='par_1_1' title="bbox 210 292 1847 367">
     <span class='ocr_line' id='line_1_1' title="bbox 210 292 1847 367; baseline 0.011 -18"><span class='ocrx_word' id='word_1_1' title='bbox 210 294 259 358; x_wconf 72' lang='grc' dir='ltr'>ΤΗ</span> <span class='ocrx_word' id='word_1_2' title='bbox 822 296 878 357; x_wconf 80' lang='grc' dir='ltr'>ΑΝ.</span> <span class='ocrx_word' id='word_1_3' title='bbox 899 294 1003 356; x_wconf 75' lang='lat' dir='ltr'>lile..</span> <span class='ocrx_word' id='word_1_4' title='bbox 1021 292 1097 355; x_wconf 74' lang='lat' dir='ltr'>SEi&#39;.</span> <span class='ocrx_word' id='word_1_5' title='bbox 1118 298 1231 361; x_wconf 77' lang='lat' dir='ltr'>suesti</span> <span class='ocrx_word' id='word_1_6' title='bbox 1793 310 1847 367; x_wconf 83' lang='lat' dir='ltr'>&#39;tta</span> 
     </span>
    </p>
   </div>
   <div class='ocr_carea' id='block_1_2' title="bbox 279 413 1849 589">
    <p class='ocr_par' dir='ltr' id='par_1_2' title="bbox 279 413 1849 589">
     <span class='ocr_line' id='line_1_2' title="bbox 281 413 1845 501; baseline 0.009 -31"><span class='ocrx_word' id='word_1_7' title='bbox 281 413 354 470; x_wconf 82' lang='lat' dir='ltr'>llunc</span> <span class='ocrx_word' id='word_1_8' title='bbox 367 414 488 488; x_wconf 86' lang='lat' dir='ltr'>quisquis</span> <span class='ocrx_word' id='word_1_9' title='bbox 498 414 598 487; x_wconf 89' lang='lat' dir='ltr'>poterit</span> <span class='ocrx_word' id='word_1_10' title='bbox 612 424 705 473; x_wconf 89' lang='lat' dir='ltr'>notare</span> <span class='ocrx_word' id='word_1_11' title='bbox 715 414 820 481; x_wconf 88' lang='lat' dir='ltr'>lucem,</span> <span class='ocrx_word' id='word_1_12' title='bbox 1013 414 1168 485; x_wconf 72' lang='lat' dir='ltr'>Apetenda</span> <span class='ocrx_word' id='word_1_13' title='bbox 1191 420 1378 478; x_wconf 74' lang='lat' dir='ltr'>numerentur?</span> <span class='ocrx_word' id='word_1_14' title='bbox 1399 419 1616 480; x_wconf 84' lang='lat' dir='ltr'>oenonnnnrn</span> <span class='ocrx_word' id='word_1_15' title='bbox 1641 432 1695 494; x_wconf 88' lang='lat' dir='ltr'>est,</span> <span class='ocrx_word' id='word_1_16' title='bbox 1723 425 1845 501; x_wconf 85' lang='lat' dir='ltr'>iuquam,</span> 
     </span>
     <span class='ocr_line' id='line_1_3' title="bbox 279 504 1849 589; baseline 0.01 -27"><span class='ocrx_word' id='word_1_17' title='bbox 279 504 413 563; x_wconf 85' lang='lat' dir='ltr'>Candidos</span> <span class='ocrx_word' id='word_1_18' title='bbox 428 506 521 564; x_wconf 75' lang='lat' dir='ltr'>Ptrurtri</span> <span class='ocrx_word' id='word_1_19' title='bbox 535 507 626 565; x_wconf 89' lang='lat' dir='ltr'>radios</span> <span class='ocrx_word' id='word_1_20' title='bbox 638 506 757 576; x_wconf 79' lang='lat' dir='ltr'>nepalrit.</span> <span class='ocrx_word' id='word_1_21' title='bbox 1052 526 1102 567; x_wconf 89' lang='lat' dir='ltr'>nec</span> <span class='ocrx_word' id='word_1_22' title='bbox 1113 511 1231 570; x_wconf 87' lang='lat' dir='ltr'>dubitari</span> <span class='ocrx_word' id='word_1_23' title='bbox 1253 514 1309 571; x_wconf 91' lang='lat' dir='ltr'>otto</span> <span class='ocrx_word' id='word_1_24' title='bbox 1329 516 1410 573; x_wconf 89' lang='lat' dir='ltr'>modo</span> <span class='ocrx_word' id='word_1_25' title='bbox 1424 526 1522 589; x_wconf 89' lang='lat' dir='ltr'>potest.</span> <span class='ocrx_word' id='word_1_26' title='bbox 1537 517 1602 589; x_wconf 75' lang='lat' dir='ltr'>Qua</span> <span class='ocrx_word' id='word_1_27' title='bbox 1616 517 1708 587; x_wconf 78' lang='lat' dir='ltr'>igitur,</span> <span class='ocrx_word' id='word_1_28' title='bbox 1728 534 1790 576; x_wconf 85' lang='lat' dir='ltr'>cum</span> <span class='ocrx_word' id='word_1_29' title='bbox 1806 520 1849 578; x_wconf 93' lang='lat' dir='ltr'>di·</span> 
     </span>
    </p>
   </div>
   <div class='ocr_carea' id='block_1_3' title="bbox 208 600 1848 776">
    <p class='ocr_par' dir='ltr' id='par_1_3' title="bbox 208 600 1848 776">
     <span class='ocr_line' id='line_1_4' title="bbox 469 600 1848 682; baseline 0.012 -27"><span class='ocrx_word' id='word_1_30' title='bbox 469 600 671 673; x_wconf 72' lang='lat' dir='ltr'><strong>230PROSA</strong></span> <span class='ocrx_word' id='word_1_31' title='bbox 692 600 739 655; x_wconf 85' lang='lat' dir='ltr'>xt.</span> <span class='ocrx_word' id='word_1_32' title='bbox 1050 615 1176 678; x_wconf 87' lang='lat' dir='ltr'>screpant</span> <span class='ocrx_word' id='word_1_33' title='bbox 1201 606 1259 682; x_wconf 77' lang='lat' dir='ltr'>[l5)</span> <span class='ocrx_word' id='word_1_34' title='bbox 1274 609 1386 666; x_wconf 88' lang='lat' dir='ltr'>minime</span> <span class='ocrx_word' id='word_1_35' title='bbox 1408 609 1480 666; x_wconf 87' lang='lat' dir='ltr'>bona</span> <span class='ocrx_word' id='word_1_36' title='bbox 1494 618 1568 677; x_wconf 91' lang='lat' dir='ltr'>sunt;</span> <span class='ocrx_word' id='word_1_37' title='bbox 1594 626 1656 666; x_wconf 91' lang='lat' dir='ltr'>cum</span> <span class='ocrx_word' id='word_1_38' title='bbox 1680 626 1848 673; x_wconf 80' lang='lat' dir='ltr'>verounum</span> 
     </span>
     <span class='ocr_line' id='line_1_5' title="bbox 208 691 1848 776; baseline 0.004 -28"><span class='ocrx_word' id='word_1_39' title='bbox 208 695 400 749; x_wconf 78' lang='lat' dir='ltr'>decessuros.</span> <span class='ocrx_word' id='word_1_40' title='bbox 428 722 463 734; x_wconf 90' lang='lat'><em>-</em></span> <span class='ocrx_word' id='word_1_41' title='bbox 486 691 626 764; x_wconf 81' lang='lat' dir='ltr'>Postquam</span> <span class='ocrx_word' id='word_1_42' title='bbox 666 692 834 760; x_wconf 86' lang='lat' dir='ltr'>Plnlocopirio</span> <span class='ocrx_word' id='word_1_43' title='bbox 864 693 1000 763; x_wconf 72' lang='lat' dir='ltr'><strong><em>proposuit</em></strong></span> <span class='ocrx_word' id='word_1_44' title='bbox 1050 692 1113 757; x_wconf 69' lang='lat' dir='ltr'>esse</span> <span class='ocrx_word' id='word_1_45' title='bbox 1125 700 1350 771; x_wconf 60' lang='lat' dir='ltr'>emperiam„</span> <span class='ocrx_word' id='word_1_46' title='bbox 1368 701 1564 760; x_wconf 75' lang='lat' dir='ltr'>flun12nnnne</span> <span class='ocrx_word' id='word_1_47' title='bbox 1578 701 1679 760; x_wconf 70' lang='lat' dir='ltr'>haene</span> <span class='ocrx_word' id='word_1_48' title='bbox 1693 704 1763 761; x_wconf 78' lang='lat' dir='ltr'>bona</span> <span class='ocrx_word' id='word_1_49' title='bbox 1781 706 1848 776; x_wconf 74' lang='lat' dir='ltr'>sint,</span> 
     </span>
    </p>
   </div>
   <div class='ocr_carea' id='block_1_4' title="bbox 240 764 1850 906">
    <p class='ocr_par' dir='ltr' id='par_1_4' title="bbox 240 764 1850 906">
     <span class='ocr_line' id='line_1_6' title="bbox 244 764 1850 869; baseline 0.006 -23"><span class='ocrx_word' id='word_1_50' title='bbox 244 766 336 820; x_wconf 62' lang='lat' dir='ltr'>&#39;mmm&#39;</span> <span class='ocrx_word' id='word_1_51' title='bbox 351 780 405 818; x_wconf 69' lang='lat'>⁶⁸⁸⁶</span> <span class='ocrx_word' id='word_1_52' title='bbox 415 780 504 830; x_wconf 62' lang='lat' dir='ltr'>mmm·</span> <span class='ocrx_word' id='word_1_53' title='bbox 518 766 586 833; x_wconf 55' lang='grc' dir='ltr'>ΨΜ</span> <span class='ocrx_word' id='word_1_54' title='bbox 598 764 693 847; x_wconf 60' lang='lat' dir='ltr'>‘imm’</span> <span class='ocrx_word' id='word_1_55' title='bbox 713 782 759 819; x_wconf 77' lang='lat'>⁸¹⁴⁰</span> <span class='ocrx_word' id='word_1_56' title='bbox 794 780 900 834; x_wconf 59' lang='lat' dir='ltr'>‘imque</span> <span class='ocrx_word' id='word_1_57' title='bbox 921 764 998 818; x_wconf 57' lang='lat'><strong>”²⁰⁶⁰</strong></span> <span class='ocrx_word' id='word_1_58' title='bbox 1051 793 1160 849; x_wconf 86' lang='lat' dir='ltr'>unitatis</span> <span class='ocrx_word' id='word_1_59' title='bbox 1173 793 1230 850; x_wconf 83' lang='lat' dir='ltr'>lieri</span> <span class='ocrx_word' id='word_1_60' title='bbox 1241 794 1383 865; x_wconf 76' lang='lat' dir='ltr'>adeptione</span> <span class='ocrx_word' id='word_1_61' title='bbox 1396 796 1545 868; x_wconf 79' lang='lat' dir='ltr'>continqiti</span> <span class='ocrx_word' id='word_1_62' title='bbox 1565 795 1617 863; x_wconf 89' lang='lat' dir='ltr'>lta,</span> <span class='ocrx_word' id='word_1_63' title='bbox 1633 797 1758 869; x_wconf 88' lang='lat' dir='ltr'>inquam,</span> <span class='ocrx_word' id='word_1_64' title='bbox 1774 797 1850 857; x_wconf 88' lang='lat' dir='ltr'>vide·</span> 
     </span>
     <span class='ocr_line' id='line_1_7' title="bbox 240 835 1000 906; baseline 0.003 -18"><span class='ocrx_word' id='word_1_65' title='bbox 240 844 375 906; x_wconf 82' lang='lat' dir='ltr'>appetunt,</span> <span class='ocrx_word' id='word_1_66' title='bbox 391 836 479 889; x_wconf 85' lang='lat' dir='ltr'>endem</span> <span class='ocrx_word' id='word_1_67' title='bbox 492 835 622 890; x_wconf 73' lang='lat' dir='ltr'>concludet</span> <span class='ocrx_word' id='word_1_68' title='bbox 632 850 717 889; x_wconf 78' lang='lat' dir='ltr'>recem</span> <span class='ocrx_word' id='word_1_69' title='bbox 731 850 845 890; x_wconf 84' lang='lat' dir='ltr'>omnrttm</span> <span class='ocrx_word' id='word_1_70' title='bbox 859 836 1000 906; x_wconf 71' lang='lat' dir='ltr'>pncmcsse</span> 
     </span>
    </p>
   </div>
   <div class='ocr_carea' id='block_1_5' title="bbox 201 884 1851 2443">
    <p class='ocr_par' dir='ltr' id='par_1_5' title="bbox 241 884 1848 968">
     <span class='ocr_line' id='line_1_8' title="bbox 241 884 1848 968; baseline -0.007 -8"><span class='ocrx_word' id='word_1_71' title='bbox 241 906 346 960; x_wconf 81' lang='lat' dir='ltr'>iorrern.</span> <span class='ocrx_word' id='word_1_72' title='bbox 1050 892 1105 942; x_wconf 91' lang='lat' dir='ltr'>tur.</span> <span class='ocrx_word' id='word_1_73' title='bbox 1113 884 1166 941; x_wconf 83' lang='lat' dir='ltr'>Sed</span> <span class='ocrx_word' id='word_1_74' title='bbox 1180 900 1260 942; x_wconf 88' lang='lat' dir='ltr'>omne</span> <span class='ocrx_word' id='word_1_75' title='bbox 1269 886 1342 958; x_wconf 92' lang='lat' dir='ltr'>quod</span> <span class='ocrx_word' id='word_1_76' title='bbox 1363 887 1463 943; x_wconf 79' lang='lat' dir='ltr'>bonum</span> <span class='ocrx_word' id='word_1_77' title='bbox 1484 897 1537 952; x_wconf 87' lang='lat' dir='ltr'>est,</span> <span class='ocrx_word' id='word_1_78' title='bbox 1551 884 1615 968; x_wconf 82' lang='lat' dir='ltr'>boni</span> <span class='ocrx_word' id='word_1_79' title='bbox 1642 888 1848 961; x_wconf 76' lang='lat' dir='ltr'>participatione</span> 
     </span>
    </p>

    <p class='ocr_par' dir='ltr' id='par_1_6' title="bbox 201 973 1851 2443">
     <span class='ocr_line' id='line_1_9' title="bbox 240 973 1851 1059; baseline 0.007 -27"><span class='ocrx_word' id='word_1_80' title='bbox 240 978 392 1039; x_wconf 78' lang='lat' dir='ltr'>assentior,</span> <span class='ocrx_word' id='word_1_81' title='bbox 408 977 526 1046; x_wconf 85' lang='lat' dir='ltr'>inquam.</span> <span class='ocrx_word' id='word_1_82' title='bbox 538 973 640 1033; x_wconf 87' lang='lat' dir='ltr'>Cuncta</span> <span class='ocrx_word' id='word_1_83' title='bbox 651 977 723 1034; x_wconf 85' lang='lat' dir='ltr'>enirn</span> <span class='ocrx_word' id='word_1_84' title='bbox 745 977 911 1036; x_wconf 80' lang='lat' dir='ltr'>firmissimis</span> <span class='ocrx_word' id='word_1_85' title='bbox 930 992 998 1035; x_wconf 84' lang='lat' dir='ltr'>nexa</span> <span class='ocrx_word' id='word_1_86' title='bbox 1050 978 1150 1036; x_wconf 87' lang='lat' dir='ltr'>bonum</span> <span class='ocrx_word' id='word_1_87' title='bbox 1161 995 1223 1038; x_wconf 87' lang='lat' dir='ltr'>esse</span> <span class='ocrx_word' id='word_1_88' title='bbox 1236 981 1375 1049; x_wconf 85' lang='lat' dir='ltr'>concedis,</span> <span class='ocrx_word' id='word_1_89' title='bbox 1389 997 1422 1039; x_wconf 89' lang='lat' dir='ltr'>ao</span> <span class='ocrx_word' id='word_1_90' title='bbox 1438 983 1568 1040; x_wconf 81' lang='lat' dir='ltr'>minime?</span> <span class='ocrx_word' id='word_1_91' title='bbox 1583 983 1621 1039; x_wconf 85' lang='lat' dir='ltr'>lta</span> <span class='ocrx_word' id='word_1_92' title='bbox 1635 992 1680 1041; x_wconf 87' lang='lat' dir='ltr'>est</span> <span class='ocrx_word' id='word_1_93' title='bbox 1695 996 1720 1041; x_wconf 60' lang='grc' dir='ltr'>ι.</span> <span class='ocrx_word' id='word_1_94' title='bbox 1735 988 1851 1059; x_wconf 81' lang='lat' dir='ltr'>Oportet</span> 
     </span>
     <span class='ocr_line' id='line_1_10' title="bbox 205 1071 1848 1149; baseline 0.005 -21"><span class='ocrx_word' id='word_1_95' title='bbox 205 1071 623 1149; x_wconf 75' lang='lat' dir='ltr'>rationibusconstant.Tumilla</span> <span class='ocrx_word' id='word_1_96' title='bbox 633 1072 759 1141; x_wconf 69' lang='lat' dir='ltr'>astuanti,</span> <span class='ocrx_word' id='word_1_97' title='bbox 772 1073 865 1144; x_wconf 87' lang='lat' dir='ltr'>inquit,</span> <span class='ocrx_word' id='word_1_98' title='bbox 878 1072 997 1129; x_wconf 69' lang='lat' dir='ltr'>aestima·</span> <span class='ocrx_word' id='word_1_99' title='bbox 1050 1073 1132 1145; x_wconf 75' lang='lat' dir='ltr'>igitur</span> <span class='ocrx_word' id='word_1_100' title='bbox 1147 1074 1217 1129; x_wconf 83' lang='lat' dir='ltr'>idern</span> <span class='ocrx_word' id='word_1_101' title='bbox 1234 1091 1296 1132; x_wconf 86' lang='lat' dir='ltr'>esse</span> <span class='ocrx_word' id='word_1_102' title='bbox 1306 1091 1400 1145; x_wconf 85' lang='lat' dir='ltr'>unum,</span> <span class='ocrx_word' id='word_1_103' title='bbox 1423 1086 1504 1147; x_wconf 88' lang='lat' dir='ltr'>atque</span> <span class='ocrx_word' id='word_1_104' title='bbox 1518 1076 1619 1132; x_wconf 83' lang='lat' dir='ltr'>bonuau</span> <span class='ocrx_word' id='word_1_105' title='bbox 1634 1077 1717 1133; x_wconf 77' lang='lat' dir='ltr'>simili</span> <span class='ocrx_word' id='word_1_106' title='bbox 1743 1080 1848 1136; x_wconf 85' lang='lat' dir='ltr'>ratione</span> 
     </span>
     <span class='ocr_line' id='line_1_11' title="bbox 205 1163 1847 1239; baseline 0.002 -18"><span class='ocrx_word' id='word_1_107' title='bbox 205 1163 257 1232; x_wconf 87' lang='lat' dir='ltr'>bis,</span> <span class='ocrx_word' id='word_1_108' title='bbox 269 1166 313 1220; x_wconf 88' lang='lat' dir='ltr'>si¹</span> <span class='ocrx_word' id='word_1_109' title='bbox 332 1165 431 1220; x_wconf 87' lang='lat' dir='ltr'>bonnm</span> <span class='ocrx_word' id='word_1_110' title='bbox 451 1165 538 1234; x_wconf 79' lang='lat' dir='ltr'>ipsura</span> <span class='ocrx_word' id='word_1_111' title='bbox 552 1164 615 1234; x_wconf 90' lang='lat' dir='ltr'>qnid</span> <span class='ocrx_word' id='word_1_112' title='bbox 636 1166 686 1230; x_wconf 90' lang='lat' dir='ltr'>sit,</span> <span class='ocrx_word' id='word_1_113' title='bbox 707 1166 865 1237; x_wconf 73' lang='lat' dir='ltr'>agnoveris?</span> <span class='ocrx_word' id='word_1_114' title='bbox 890 1166 997 1232; x_wconf 77' lang='lat' dir='ltr'>inliniri,</span> <span class='ocrx_word' id='word_1_115' title='bbox 1050 1165 1193 1221; x_wconf 84' lang='lat' dir='ltr'>concedas.</span> <span class='ocrx_word' id='word_1_116' title='bbox 1206 1166 1284 1238; x_wconf 78' lang='lat'>237</span> <span class='ocrx_word' id='word_1_117' title='bbox 1298 1164 1311 1199; x_wconf 76' lang='lat'>⁸</span> <span class='ocrx_word' id='word_1_118' title='bbox 1323 1166 1424 1223; x_wconf 78' lang='lat' dir='ltr'>Eadem</span> <span class='ocrx_word' id='word_1_119' title='bbox 1442 1182 1558 1239; x_wconf 87' lang='lat' dir='ltr'>namque</span> <span class='ocrx_word' id='word_1_120' title='bbox 1571 1166 1718 1225; x_wconf 87' lang='lat' dir='ltr'>substantia</span> <span class='ocrx_word' id='word_1_121' title='bbox 1743 1177 1786 1225; x_wconf 91' lang='lat' dir='ltr'>est</span> <span class='ocrx_word' id='word_1_122' title='bbox 1800 1184 1847 1225; x_wconf 91' lang='lat' dir='ltr'>co·</span> 
     </span>
     <span class='ocr_line' id='line_1_12' title="bbox 205 1255 1845 1329; baseline 0.004 -17"><span class='ocrx_word' id='word_1_123' title='bbox 205 1255 312 1328; x_wconf 88' lang='lat' dir='ltr'>inquam</span> <span class='ocrx_word' id='word_1_124' title='bbox 331 1275 336 1309; x_wconf 96' lang='lat'><strong>:</strong></span> <span class='ocrx_word' id='word_1_125' title='bbox 354 1257 376 1311; x_wconf 90' lang='lat' dir='ltr'>si</span> <span class='ocrx_word' id='word_1_126' title='bbox 392 1256 500 1327; x_wconf 90' lang='lat' dir='ltr'>quidem</span> <span class='ocrx_word' id='word_1_127' title='bbox 516 1255 581 1311; x_wconf 87' lang='lat' dir='ltr'>milri</span> <span class='ocrx_word' id='word_1_128' title='bbox 605 1257 704 1326; x_wconf 88' lang='lat' dir='ltr'>pariter</span> <span class='ocrx_word' id='word_1_129' title='bbox 719 1257 804 1312; x_wconf 82' lang='lat' dir='ltr'>ileum</span> <span class='ocrx_word' id='word_1_130' title='bbox 819 1273 937 1329; x_wconf 89' lang='lat' dir='ltr'>qnoque,</span> <span class='ocrx_word' id='word_1_131' title='bbox 953 1259 998 1329; x_wconf 90' lang='lat' dir='ltr'>qni</span> <span class='ocrx_word' id='word_1_132' title='bbox 1050 1272 1122 1323; x_wconf 85' lang='lat' dir='ltr'>rum,</span> <span class='ocrx_word' id='word_1_133' title='bbox 1137 1272 1252 1328; x_wconf 92' lang='lat' dir='ltr'>quorum</span> <span class='ocrx_word' id='word_1_134' title='bbox 1265 1258 1425 1315; x_wconf 86' lang='lat' dir='ltr'>naturaliter</span> <span class='ocrx_word' id='word_1_135' title='bbox 1448 1273 1502 1315; x_wconf 91' lang='lat' dir='ltr'>non</span> <span class='ocrx_word' id='word_1_136' title='bbox 1525 1266 1568 1314; x_wconf 91' lang='lat' dir='ltr'>est</span> <span class='ocrx_word' id='word_1_137' title='bbox 1587 1259 1709 1316; x_wconf 84' lang='lat' dir='ltr'>diuersus</span> <span class='ocrx_word' id='word_1_138' title='bbox 1721 1261 1845 1319; x_wconf 85' lang='lat' dir='ltr'>ellectus.</span> 
     </span>
     <span class='ocr_line' id='line_1_13' title="bbox 206 1341 1846 1423; baseline 0.001 -18"><span class='ocrx_word' id='word_1_139' title='bbox 206 1341 307 1405; x_wconf 68' lang='lat' dir='ltr'>hotrum</span> <span class='ocrx_word' id='word_1_140' title='bbox 323 1358 375 1415; x_wconf 87' lang='lat' dir='ltr'>est,</span> <span class='ocrx_word' id='word_1_141' title='bbox 388 1349 524 1415; x_wconf 67' lang='lat' dir='ltr'>continget</span> <span class='ocrx_word' id='word_1_142' title='bbox 538 1362 696 1418; x_wconf 71' lang='lat' dir='ltr'>agnoscere.</span> <span class='ocrx_word' id='word_1_143' title='bbox 712 1350 794 1419; x_wconf 78' lang='lat' dir='ltr'>Atqui</span> <span class='ocrx_word' id='word_1_144' title='bbox 822 1351 875 1405; x_wconf 83' lang='lat' dir='ltr'>troc</span> <span class='ocrx_word' id='word_1_145' title='bbox 890 1351 999 1405; x_wconf 82' lang='lat' dir='ltr'>verissi-</span> <span class='ocrx_word' id='word_1_146' title='bbox 1049 1348 1163 1420; x_wconf 65' lang='lat' dir='ltr'>Negare,</span> <span class='ocrx_word' id='word_1_147' title='bbox 1187 1349 1307 1419; x_wconf 87' lang='lat' dir='ltr'>inquam,</span> <span class='ocrx_word' id='word_1_148' title='bbox 1333 1363 1448 1421; x_wconf 82' lang='lat' dir='ltr'>nequeo.</span> <span class='ocrx_word' id='word_1_149' title='bbox 1475 1348 1486 1382; x_wconf 79' lang='lat'>⁸</span> <span class='ocrx_word' id='word_1_150' title='bbox 1505 1348 1615 1406; x_wconf 80' lang='lat' dir='ltr'>Nostine</span> <span class='ocrx_word' id='word_1_151' title='bbox 1630 1351 1720 1423; x_wconf 77' lang='lat' dir='ltr'>tpitnr,</span> <span class='ocrx_word' id='word_1_152' title='bbox 1748 1352 1846 1423; x_wconf 88' lang='lat' dir='ltr'>inquit,</span> 
     </span>
     <span class='ocr_line' id='line_1_14' title="bbox 205 1440 1845 1514; baseline 0.002 -16"><span class='ocrx_word' id='word_1_153' title='bbox 205 1458 260 1509; x_wconf 84' lang='lat' dir='ltr'>nra,</span> <span class='ocrx_word' id='word_1_154' title='bbox 275 1444 314 1514; x_wconf 71' lang='lat'>(5)</span> <span class='ocrx_word' id='word_1_155' title='bbox 331 1440 428 1512; x_wconf 90' lang='lat' dir='ltr'>inquit,</span> <span class='ocrx_word' id='word_1_156' title='bbox 445 1440 548 1496; x_wconf 91' lang='lat' dir='ltr'>ratione</span> <span class='ocrx_word' id='word_1_157' title='bbox 562 1440 733 1511; x_wconf 88' lang='lat' dir='ltr'>pateiaeiam,</span> <span class='ocrx_word' id='word_1_158' title='bbox 752 1451 764 1479; x_wconf 80' lang='lat'><strong>¹</strong></span> <span class='ocrx_word' id='word_1_159' title='bbox 780 1452 907 1500; x_wconf 86' lang='lat' dir='ltr'>maneant</span> <span class='ocrx_word' id='word_1_160' title='bbox 918 1443 997 1500; x_wconf 91' lang='lat' dir='ltr'>modo</span> <span class='ocrx_word' id='word_1_161' title='bbox 1049 1456 1131 1498; x_wconf 86' lang='lat' dir='ltr'>omne</span> <span class='ocrx_word' id='word_1_162' title='bbox 1150 1442 1222 1513; x_wconf 91' lang='lat' dir='ltr'>quod</span> <span class='ocrx_word' id='word_1_163' title='bbox 1245 1449 1298 1509; x_wconf 87' lang='lat' dir='ltr'>est,</span> <span class='ocrx_word' id='word_1_164' title='bbox 1314 1450 1368 1498; x_wconf 80' lang='lat' dir='ltr'>tam</span> <span class='ocrx_word' id='word_1_165' title='bbox 1384 1442 1430 1498; x_wconf 91' lang='lat' dir='ltr'>diu</span> <span class='ocrx_word' id='word_1_166' title='bbox 1451 1457 1561 1499; x_wconf 88' lang='lat' dir='ltr'>manere</span> <span class='ocrx_word' id='word_1_167' title='bbox 1580 1453 1662 1514; x_wconf 83' lang='lat' dir='ltr'>utque</span> <span class='ocrx_word' id='word_1_168' title='bbox 1687 1443 1845 1513; x_wconf 74' lang='lat' dir='ltr'>subsimere,</span> 
     </span>
     <span class='ocr_line' id='line_1_15' title="bbox 204 1532 1846 1610; baseline 0.001 -20"><span class='ocrx_word' id='word_1_169' title='bbox 204 1552 266 1608; x_wconf 74' lang='lat' dir='ltr'>qne·</span> <span class='ocrx_word' id='word_1_170' title='bbox 276 1533 358 1605; x_wconf 81' lang='lat' dir='ltr'>poulo</span> <span class='ocrx_word' id='word_1_171' title='bbox 372 1547 434 1591; x_wconf 87' lang='lat' dir='ltr'>ante</span> <span class='ocrx_word' id='word_1_172' title='bbox 449 1533 576 1590; x_wconf 82' lang='lat' dir='ltr'>oonelusa</span> <span class='ocrx_word' id='word_1_173' title='bbox 589 1544 662 1591; x_wconf 88' lang='lat' dir='ltr'>sunt.</span> <span class='ocrx_word' id='word_1_174' title='bbox 679 1532 692 1573; x_wconf 59' lang='grc' dir='ltr'>ι</span> <span class='ocrx_word' id='word_1_175' title='bbox 707 1536 863 1601; x_wconf 72' lang='lat' dir='ltr'>donabunt,</span> <span class='ocrx_word' id='word_1_176' title='bbox 877 1536 996 1605; x_wconf 88' lang='lat' dir='ltr'>inquam.</span> <span class='ocrx_word' id='word_1_177' title='bbox 1049 1551 1130 1610; x_wconf 88' lang='lat' dir='ltr'>quam</span> <span class='ocrx_word' id='word_1_178' title='bbox 1144 1538 1189 1592; x_wconf 94' lang='lat' dir='ltr'>diu</span> <span class='ocrx_word' id='word_1_179' title='bbox 1203 1537 1240 1592; x_wconf 88' lang='lat' dir='ltr'>sit</span> <span class='ocrx_word' id='word_1_180' title='bbox 1256 1550 1350 1604; x_wconf 88' lang='lat' dir='ltr'>urrum;</span> <span class='ocrx_word' id='word_1_181' title='bbox 1365 1535 1414 1591; x_wconf 87' lang='lat' dir='ltr'>sed</span> <span class='ocrx_word' id='word_1_182' title='bbox 1436 1536 1548 1592; x_wconf 87' lang='lat' dir='ltr'>interire</span> <span class='ocrx_word' id='word_1_183' title='bbox 1561 1543 1641 1607; x_wconf 86' lang='lat' dir='ltr'>atquo</span> <span class='ocrx_word' id='word_1_184' title='bbox 1653 1536 1763 1592; x_wconf 84' lang='lat' dir='ltr'>dissolri</span> <span class='ocrx_word' id='word_1_185' title='bbox 1777 1538 1846 1607; x_wconf 81' lang='lat' dir='ltr'>peri-</span> 
     </span>
     <span class='ocr_line' id='line_1_16' title="bbox 203 1627 1847 1702; baseline 0.002 -19"><span class='ocrx_word' id='word_1_186' title='bbox 203 1627 309 1695; x_wconf 83' lang='lat' dir='ltr'>Nonne,</span> <span class='ocrx_word' id='word_1_187' title='bbox 321 1627 439 1696; x_wconf 80' lang='lat' dir='ltr'>inquit,¹</span> <span class='ocrx_word' id='word_1_188' title='bbox 456 1628 666 1683; x_wconf 81' lang='lat' dir='ltr'>monstravimus</span> <span class='ocrx_word' id='word_1_189' title='bbox 680 1642 711 1682; x_wconf 87' lang='lat' dir='ltr'>ea</span> <span class='ocrx_word' id='word_1_190' title='bbox 734 1642 794 1697; x_wconf 77' lang='lat' dir='ltr'>qnae</span> <span class='ocrx_word' id='word_1_191' title='bbox 807 1636 999 1700; x_wconf 87' lang='lat' dir='ltr'>appetuntura</span> <span class='ocrx_word' id='word_1_192' title='bbox 1050 1642 1102 1698; x_wconf 87' lang='lat' dir='ltr'>ter,</span> <span class='ocrx_word' id='word_1_193' title='bbox 1112 1640 1194 1702; x_wconf 89' lang='lat' dir='ltr'>atque</span> <span class='ocrx_word' id='word_1_194' title='bbox 1208 1646 1291 1686; x_wconf 88' lang='lat' dir='ltr'>unum</span> <span class='ocrx_word' id='word_1_195' title='bbox 1305 1629 1584 1702; x_wconf 72' lang='lat' dir='ltr'>essedestiterititdi</span> <span class='ocrx_word' id='word_1_196' title='bbox 1607 1629 1728 1700; x_wconf 82' lang='lat' dir='ltr'>Quonam</span> <span class='ocrx_word' id='word_1_197' title='bbox 1752 1630 1847 1687; x_wconf 87' lang='lat' dir='ltr'>modol</span> 
     </span>
     <span class='ocr_line' id='line_1_17' title="bbox 205 1719 1847 1793; baseline 0.002 -17"><span class='ocrx_word' id='word_1_198' title='bbox 205 1720 338 1791; x_wconf 84' lang='lat' dir='ltr'>pluribus,</span> <span class='ocrx_word' id='word_1_199' title='bbox 355 1719 457 1775; x_wconf 90' lang='lat' dir='ltr'>idcirco</span> <span class='ocrx_word' id='word_1_200' title='bbox 470 1735 533 1776; x_wconf 83' lang='lat' dir='ltr'>vera</span> <span class='ocrx_word' id='word_1_201' title='bbox 562 1720 731 1791; x_wconf 89' lang='lat' dir='ltr'>periectaque</span> <span class='ocrx_word' id='word_1_202' title='bbox 744 1720 755 1752; x_wconf 85' lang='lat'>⁸</span> <span class='ocrx_word' id='word_1_203' title='bbox 766 1722 835 1776; x_wconf 85' lang='lat' dir='ltr'>trona</span> <span class='ocrx_word' id='word_1_204' title='bbox 857 1736 910 1777; x_wconf 89' lang='lat' dir='ltr'>non</span> <span class='ocrx_word' id='word_1_205' title='bbox 925 1738 997 1790; x_wconf 89' lang='lat' dir='ltr'>esse,</span> <span class='ocrx_word' id='word_1_206' title='bbox 1050 1724 1087 1781; x_wconf 85' lang='lat' dir='ltr'>lit</span> <span class='ocrx_word' id='word_1_207' title='bbox 1107 1725 1135 1779; x_wconf 93' lang='lat' dir='ltr'>in</span> <span class='ocrx_word' id='word_1_208' title='bbox 1158 1722 1330 1790; x_wconf 84' lang='lat' dir='ltr'>animalibus,</span> <span class='ocrx_word' id='word_1_209' title='bbox 1344 1721 1440 1793; x_wconf 87' lang='lat' dir='ltr'>inquit,</span> <span class='ocrx_word' id='word_1_210' title='bbox 1454 1736 1516 1777; x_wconf 88' lang='lat' dir='ltr'>cunr</span> <span class='ocrx_word' id='word_1_211' title='bbox 1535 1719 1563 1776; x_wconf 93' lang='lat' dir='ltr'>in</span> <span class='ocrx_word' id='word_1_212' title='bbox 1577 1736 1658 1777; x_wconf 89' lang='lat' dir='ltr'>unum</span> <span class='ocrx_word' id='word_1_213' title='bbox 1686 1730 1797 1787; x_wconf 90' lang='lat' dir='ltr'>coeunt,</span> <span class='ocrx_word' id='word_1_214' title='bbox 1815 1737 1847 1780; x_wconf 89' lang='lat' dir='ltr'>ac</span> 
     </span>
     <span class='ocr_line' id='line_1_18' title="bbox 203 1804 1846 1891; baseline 0.005 -25"><span class='ocrx_word' id='word_1_215' title='bbox 203 1814 330 1882; x_wconf 85' lang='lat' dir='ltr'>quonism</span> <span class='ocrx_word' id='word_1_216' title='bbox 349 1826 364 1865; x_wconf 89' lang='lat' dir='ltr'>a</span> <span class='ocrx_word' id='word_1_217' title='bbox 389 1826 419 1867; x_wconf 91' lang='lat' dir='ltr'>se</span> <span class='ocrx_word' id='word_1_218' title='bbox 443 1809 558 1866; x_wconf 81' lang='lat' dir='ltr'>invicem</span> <span class='ocrx_word' id='word_1_219' title='bbox 573 1810 767 1880; x_wconf 82' lang='lat' dir='ltr'>discreparent,</span> <span class='ocrx_word' id='word_1_220' title='bbox 785 1829 900 1884; x_wconf 89' lang='lat' dir='ltr'>cumque</span> <span class='ocrx_word' id='word_1_221' title='bbox 918 1815 996 1872; x_wconf 89' lang='lat' dir='ltr'>alterl</span> <span class='ocrx_word' id='word_1_222' title='bbox 1012 1804 1210 1891; x_wconf 80' lang='lat' dir='ltr'>Bpermanent</span> <span class='ocrx_word' id='word_1_223' title='bbox 1222 1815 1312 1872; x_wconf 87' lang='lat' dir='ltr'>anima</span> <span class='ocrx_word' id='word_1_224' title='bbox 1325 1830 1487 1886; x_wconf 78' lang='lat' dir='ltr'>corpusque,</span> <span class='ocrx_word' id='word_1_225' title='bbox 1499 1815 1524 1870; x_wconf 94' lang='lat' dir='ltr'>id</span> <span class='ocrx_word' id='word_1_226' title='bbox 1535 1813 1635 1871; x_wconf 88' lang='lat' dir='ltr'>animal</span> <span class='ocrx_word' id='word_1_227' title='bbox 1646 1824 1767 1872; x_wconf 81' lang='lat' dir='ltr'>uocatur.</span> <span class='ocrx_word' id='word_1_228' title='bbox 1780 1816 1846 1875; x_wconf 81' lang='lat' dir='ltr'>enm</span> 
     </span>
     <span class='ocr_line' id='line_1_19' title="bbox 203 1901 1844 1979; baseline 0.002 -18"><span class='ocrx_word' id='word_1_229' title='bbox 203 1901 998 1976; x_wconf 74' lang='lat' dir='ltr'>mesmtutrernn,pronum,nosotntnrnquetmnumutterre</span> <span class='ocrx_word' id='word_1_230' title='bbox 1050 1925 1115 1967; x_wconf 81' lang='lat' dir='ltr'>nero</span> <span class='ocrx_word' id='word_1_231' title='bbox 1136 1910 1195 1965; x_wconf 77' lang='lat' dir='ltr'>hac</span> <span class='ocrx_word' id='word_1_232' title='bbox 1216 1910 1306 1964; x_wconf 86' lang='lat' dir='ltr'>unitas</span> <span class='ocrx_word' id='word_1_233' title='bbox 1320 1908 1461 1978; x_wconf 87' lang='lat' dir='ltr'>utriusque</span> <span class='ocrx_word' id='word_1_234' title='bbox 1484 1910 1654 1979; x_wconf 88' lang='lat' dir='ltr'>separatione</span> <span class='ocrx_word' id='word_1_235' title='bbox 1675 1908 1844 1976; x_wconf 82' lang='lat' dir='ltr'>dissolvitur,</span> 
     </span>
     <span class='ocr_line' id='line_1_20' title="bbox 203 1994 1847 2073; baseline 0.005 -21"><span class='ocrx_word' id='word_1_236' title='bbox 203 2008 257 2052; x_wconf 87' lang='lat' dir='ltr'>aon</span> <span class='ocrx_word' id='word_1_237' title='bbox 273 1994 370 2066; x_wconf 82' lang='lat' dir='ltr'>posset</span> <span class='ocrx_word' id='word_1_238' title='bbox 384 2004 441 2049; x_wconf 86' lang='lat' dir='ltr'>tuor</span> <span class='ocrx_word' id='word_1_239' title='bbox 460 2005 652 2050; x_wconf 74' lang='lat' dir='ltr'>antemusium</span> <span class='ocrx_word' id='word_1_240' title='bbox 665 1997 724 2067; x_wconf 77' lang='lat' dir='ltr'>(tlt)</span> <span class='ocrx_word' id='word_1_241' title='bbox 744 1998 843 2053; x_wconf 86' lang='lat' dir='ltr'>bonnm</span> <span class='ocrx_word' id='word_1_242' title='bbox 854 1999 923 2065; x_wconf 86' lang='lat' dir='ltr'>lieri,</span> <span class='ocrx_word' id='word_1_243' title='bbox 935 2014 997 2057; x_wconf 90' lang='lat' dir='ltr'>cum</span> <span class='ocrx_word' id='word_1_244' title='bbox 1051 2002 1172 2068; x_wconf 86' lang='lat' dir='ltr'>interire,</span> <span class='ocrx_word' id='word_1_245' title='bbox 1184 2015 1235 2057; x_wconf 91' lang='lat' dir='ltr'>nec</span> <span class='ocrx_word' id='word_1_246' title='bbox 1253 1999 1310 2071; x_wconf 86' lang='lat' dir='ltr'>jam</span> <span class='ocrx_word' id='word_1_247' title='bbox 1328 2014 1390 2057; x_wconf 85' lang='lat' dir='ltr'>esse</span> <span class='ocrx_word' id='word_1_248' title='bbox 1404 1999 1502 2055; x_wconf 88' lang='lat' dir='ltr'>animai</span> <span class='ocrx_word' id='word_1_249' title='bbox 1525 2001 1617 2071; x_wconf 91' lang='lat' dir='ltr'>liquet.</span> <span class='ocrx_word' id='word_1_250' title='bbox 1633 2000 1723 2071; x_wconf 88' lang='lat' dir='ltr'>ipsum</span> <span class='ocrx_word' id='word_1_251' title='bbox 1738 2015 1847 2073; x_wconf 83' lang='lat' dir='ltr'>quoquo</span> 
     </span>
     <span class='ocr_line' id='line_1_21' title="bbox 202 2086 1846 2165; baseline 0.004 -22"><span class='ocrx_word' id='word_1_252' title='bbox 202 2087 230 2143; x_wconf 95' lang='lat' dir='ltr'>in</span> <span class='ocrx_word' id='word_1_253' title='bbox 253 2102 333 2143; x_wconf 84' lang='lat' dir='ltr'>uuam</span> <span class='ocrx_word' id='word_1_254' title='bbox 343 2088 424 2143; x_wconf 80' lang='lat' dir='ltr'>ueluti</span> <span class='ocrx_word' id='word_1_255' title='bbox 440 2086 566 2151; x_wconf 86' lang='lat' dir='ltr'>turmam,</span> <span class='ocrx_word' id='word_1_256' title='bbox 582 2095 664 2159; x_wconf 91' lang='lat' dir='ltr'>atque</span> <span class='ocrx_word' id='word_1_257' title='bbox 677 2086 850 2145; x_wconf 80' lang='lat' dir='ltr'>elicientium</span> <span class='ocrx_word' id='word_1_258' title='bbox 865 2093 998 2162; x_wconf 76' lang='lat' dir='ltr'>eolligun-</span> <span class='ocrx_word' id='word_1_259' title='bbox 1050 2108 1221 2165; x_wconf 85' lang='lat' dir='ltr'>corpuscum</span> <span class='ocrx_word' id='word_1_260' title='bbox 1232 2093 1259 2149; x_wconf 91' lang='lat' dir='ltr'>in</span> <span class='ocrx_word' id='word_1_261' title='bbox 1272 2108 1325 2149; x_wconf 90' lang='lat' dir='ltr'>una</span> <span class='ocrx_word' id='word_1_262' title='bbox 1338 2091 1437 2160; x_wconf 79' lang='grc' dir='ltr'>ιοιωι,</span> <span class='ocrx_word' id='word_1_263' title='bbox 1449 2092 1846 2164; x_wconf 79' lang='lat' dir='ltr'>membrornrueom&#39;unotione,</span> 
     </span>
     <span class='ocr_line' id='line_1_22' title="bbox 202 2179 1848 2262; baseline 0.004 -27"><span class='ocrx_word' id='word_1_264' title='bbox 202 2190 258 2249; x_wconf 88' lang='lat' dir='ltr'>tur,</span> <span class='ocrx_word' id='word_1_265' title='bbox 271 2189 301 2237; x_wconf 89' lang='lat' dir='ltr'>ut</span> <span class='ocrx_word' id='word_1_266' title='bbox 313 2195 376 2252; x_wconf 71' lang='lat' dir='ltr'>quae</span> <span class='ocrx_word' id='word_1_267' title='bbox 389 2179 554 2238; x_wconf 75' lang='lat' dir='ltr'>sufficientia</span> <span class='ocrx_word' id='word_1_268' title='bbox 568 2189 621 2248; x_wconf 86' lang='lat' dir='ltr'>est,</span> <span class='ocrx_word' id='word_1_269' title='bbox 631 2182 726 2238; x_wconf 87' lang='lat' dir='ltr'>eadem</span> <span class='ocrx_word' id='word_1_270' title='bbox 738 2185 774 2239; x_wconf 84' lang='lat' dir='ltr'>sit</span> <span class='ocrx_word' id='word_1_271' title='bbox 783 2187 912 2255; x_wconf 81' lang='lat' dir='ltr'>potentia,</span> <span class='ocrx_word' id='word_1_272' title='bbox 921 2202 999 2245; x_wconf 84' lang='lat' dir='ltr'>rere-</span> <span class='ocrx_word' id='word_1_273' title='bbox 1051 2194 1201 2262; x_wconf 76' lang='lat' dir='ltr'>pererranet,</span> <span class='ocrx_word' id='word_1_274' title='bbox 1213 2186 1329 2242; x_wconf 82' lang='lat' dir='ltr'>numana</span> <span class='ocrx_word' id='word_1_275' title='bbox 1352 2184 1447 2241; x_wconf 80' lang='lat' dir='ltr'>visitur</span> <span class='ocrx_word' id='word_1_276' title='bbox 1460 2185 1576 2255; x_wconf 86' lang='lat' dir='ltr'>species.</span> <span class='ocrx_word' id='word_1_277' title='bbox 1596 2189 1633 2241; x_wconf 79' lang='lat' dir='ltr'>tt</span> <span class='ocrx_word' id='word_1_278' title='bbox 1647 2185 1670 2241; x_wconf 89' lang='lat' dir='ltr'>si</span> <span class='ocrx_word' id='word_1_279' title='bbox 1684 2186 1848 2257; x_wconf 68' lang='lat' dir='ltr'>distributas,</span> 
     </span>
     <span class='ocr_line' id='line_1_23' title="bbox 202 2274 1845 2353; baseline 0.003 -24"><span class='ocrx_word' id='word_1_280' title='bbox 202 2274 300 2339; x_wconf 87' lang='lat' dir='ltr'>rentia,</span> <span class='ocrx_word' id='word_1_281' title='bbox 311 2274 433 2342; x_wconf 78' lang='lat' dir='ltr'>claritas,</span> <span class='ocrx_word' id='word_1_282' title='bbox 446 2283 526 2345; x_wconf 89' lang='lat' dir='ltr'>atque</span> <span class='ocrx_word' id='word_1_283' title='bbox 549 2274 706 2344; x_wconf 82' lang='lat' dir='ltr'>jncunditas</span> <span class='ocrx_word' id='word_1_284' title='bbox 720 2293 727 2329; x_wconf 93' lang='lat'><strong>:</strong></span> <span class='ocrx_word' id='word_1_285' title='bbox 750 2276 800 2332; x_wconf 83' lang='lat' dir='ltr'>nisi</span> <span class='ocrx_word' id='word_1_286' title='bbox 816 2292 880 2335; x_wconf 81' lang='lat' dir='ltr'>uero</span> <span class='ocrx_word' id='word_1_287' title='bbox 901 2296 997 2349; x_wconf 88' lang='lat' dir='ltr'>unum,</span> <span class='ocrx_word' id='word_1_288' title='bbox 1051 2289 1251 2353; x_wconf 67' lang='lat' dir='ltr'>segregataeque</span> <span class='ocrx_word' id='word_1_289' title='bbox 1277 2276 1336 2350; x_wconf 84' lang='lat' dir='ltr'>(to)</span> <span class='ocrx_word' id='word_1_290' title='bbox 1351 2285 1441 2351; x_wconf 89' lang='lat' dir='ltr'>partes</span> <span class='ocrx_word' id='word_1_291' title='bbox 1457 2277 1580 2348; x_wconf 86' lang='lat' dir='ltr'>corporis</span> <span class='ocrx_word' id='word_1_292' title='bbox 1594 2277 1770 2334; x_wconf 82' lang='lat' dir='ltr'>distraxerint</span> <span class='ocrx_word' id='word_1_293' title='bbox 1782 2278 1845 2334; x_wconf 84' lang='lat' dir='ltr'>uni·</span> 
     </span>
     <span class='ocr_line' id='line_1_24' title="bbox 201 2365 1844 2443; baseline 0.006 -24"><span class='ocrx_word' id='word_1_294' title='bbox 201 2374 281 2439; x_wconf 85' lang='lat' dir='ltr'>utque</span> <span class='ocrx_word' id='word_1_295' title='bbox 304 2365 374 2421; x_wconf 85' lang='lat' dir='ltr'>idenr</span> <span class='ocrx_word' id='word_1_296' title='bbox 390 2366 478 2420; x_wconf 86' lang='lat' dir='ltr'>omnia</span> <span class='ocrx_word' id='word_1_297' title='bbox 494 2365 559 2434; x_wconf 88' lang='lat' dir='ltr'>sint,</span> <span class='ocrx_word' id='word_1_298' title='bbox 574 2365 641 2421; x_wconf 82' lang='lat' dir='ltr'>nihil</span> <span class='ocrx_word' id='word_1_299' title='bbox 667 2366 776 2433; x_wconf 81' lang='lat' dir='ltr'>tabere,</span> <span class='ocrx_word' id='word_1_300' title='bbox 792 2383 847 2439; x_wconf 92' lang='lat' dir='ltr'>quo</span> <span class='ocrx_word' id='word_1_301' title='bbox 863 2371 934 2427; x_wconf 89' lang='lat' dir='ltr'>inter</span> <span class='ocrx_word' id='word_1_302' title='bbox 948 2389 994 2429; x_wconf 84' lang='lat' dir='ltr'>ex·</span> <span class='ocrx_word' id='word_1_303' title='bbox 1049 2386 1144 2442; x_wconf 84' lang='lat' dir='ltr'>tatem,</span> <span class='ocrx_word' id='word_1_304' title='bbox 1158 2372 1258 2429; x_wconf 88' lang='lat' dir='ltr'>desinit</span> <span class='ocrx_word' id='word_1_305' title='bbox 1270 2370 1413 2441; x_wconf 87' lang='lat' dir='ltr'>essequod</span> <span class='ocrx_word' id='word_1_306' title='bbox 1423 2368 1520 2426; x_wconf 89' lang='lat' dir='ltr'>luerat.</span> <span class='ocrx_word' id='word_1_307' title='bbox 1536 2369 1629 2441; x_wconf 82' lang='lat' dir='ltr'>quue</span> <span class='ocrx_word' id='word_1_308' title='bbox 1643 2372 1724 2428; x_wconf 92' lang='lat' dir='ltr'>modo</span> <span class='ocrx_word' id='word_1_309' title='bbox 1735 2386 1844 2443; x_wconf 87' lang='lat' dir='ltr'>percur-</span> 
     </span>
    </p>
   </div>
   <div class='ocr_carea' id='block_1_6' title="bbox 873 2529 1154 2591">
    <p class='ocr_par' dir='ltr' id='par_1_7' title="bbox 873 2529 1154 2591">
     <span class='ocr_line' id='line_1_25' title="bbox 873 2529 1154 2591; baseline 0.011 -6"><span class='ocrx_word' id='word_1_310' title='bbox 873 2529 1154 2591; x_wconf 73' lang='lat' dir='ltr'>tussaisstetto</span> 
     </span>
    </p>
   </div>
   <div class='ocr_carea' id='block_1_7' title="bbox 200 2656 1698 2875">
    <p class='ocr_par' dir='ltr' id='par_1_8' title="bbox 200 2656 1698 2875">
     <span class='ocr_line' id='line_1_26' title="bbox 200 2656 1698 2737; baseline 0.002 -21"><span class='ocrx_word' id='word_1_311' title='bbox 200 2678 250 2737; x_wconf 70' lang='lat' dir='ltr'>quo</span> <span class='ocrx_word' id='word_1_312' title='bbox 262 2658 353 2717; x_wconf 82' lang='lat' dir='ltr'>colum</span> <span class='ocrx_word' id='word_1_313' title='bbox 367 2656 523 2733; x_wconf 67' lang='lat' dir='ltr'>pellerentur</span> <span class='ocrx_word' id='word_1_314' title='bbox 535 2664 558 2713; x_wconf 86' lang='lat' dir='ltr'>et</span> <span class='ocrx_word' id='word_1_315' title='bbox 569 2657 645 2729; x_wconf 83' lang='lat' dir='ltr'>niqet,</span> <span class='ocrx_word' id='word_1_316' title='bbox 657 2666 729 2713; x_wconf 84' lang='lat' dir='ltr'>cunct</span> <span class='ocrx_word' id='word_1_317' title='bbox 738 2658 825 2731; x_wconf 84' lang='lat' dir='ltr'>lopser</span> <span class='ocrx_word' id='word_1_318' title='bbox 839 2660 996 2735; x_wconf 83' lang='lat' dir='ltr'>culipinosoc</span> <span class='ocrx_word' id='word_1_319' title='bbox 1087 2670 1102 2701; x_wconf 80' lang='lat'><strong>¹</strong></span> <span class='ocrx_word' id='word_1_320' title='bbox 1113 2660 1145 2719; x_wconf 88' lang='lat' dir='ltr'>Si</span> <span class='ocrx_word' id='word_1_321' title='bbox 1152 2676 1249 2717; x_wconf 85' lang='lat' dir='ltr'>memor</span> <span class='ocrx_word' id='word_1_322' title='bbox 1259 2659 1457 2729; x_wconf 76' lang='lat' dir='ltr'>proeteritorum,</span> <span class='ocrx_word' id='word_1_323' title='bbox 1466 2658 1522 2715; x_wconf 80' lang='lat' dir='ltr'>lucc</span> <span class='ocrx_word' id='word_1_324' title='bbox 1532 2663 1698 2719; x_wconf 73' lang='lat' dir='ltr'>correcturis.</span> 
     </span>
     <span class='ocr_line' id='line_1_27' title="bbox 200 2728 1323 2803; baseline -0.004 -13"><span class='ocrx_word' id='word_1_325' title='bbox 200 2732 317 2790; x_wconf 83' lang='lat' dir='ltr'>mentio:</span> <span class='ocrx_word' id='word_1_326' title='bbox 336 2747 419 2803; x_wconf 89' lang='lat' dir='ltr'>quare</span> <span class='ocrx_word' id='word_1_327' title='bbox 440 2731 584 2800; x_wconf 82' lang='lat' dir='ltr'>quicunque</span> <span class='ocrx_word' id='word_1_328' title='bbox 613 2728 704 2783; x_wconf 70' lang='lat' dir='ltr'>ookiit</span> <span class='ocrx_word' id='word_1_329' title='bbox 724 2729 925 2788; x_wconf 81' lang='lat' dir='ltr'>animaduertere</span> <span class='ocrx_word' id='word_1_330' title='bbox 949 2734 998 2789; x_wconf 88' lang='lat' dir='ltr'>lroc</span> <span class='ocrx_word' id='word_1_331' title='bbox 1086 2731 1180 2788; x_wconf 68' lang='lat' dir='ltr'>bfloee</span> <span class='ocrx_word' id='word_1_332' title='bbox 1189 2733 1323 2787; x_wconf 74' lang='lat' dir='ltr'>demutet.</span> 
     </span>
     <span class='ocr_line' id='line_1_28' title="bbox 200 2800 1646 2875; baseline -0.005 -12"><span class='ocrx_word' id='word_1_333' title='bbox 200 2808 297 2871; x_wconf 83' lang='lat' dir='ltr'>tumen,</span> <span class='ocrx_word' id='word_1_334' title='bbox 311 2804 354 2859; x_wconf 87' lang='lat' dir='ltr'>ilic</span> <span class='ocrx_word' id='word_1_335' title='bbox 366 2802 467 2875; x_wconf 80' lang='lat' dir='ltr'>nepulit</span> <span class='ocrx_word' id='word_1_336' title='bbox 480 2802 567 2856; x_wconf 84' lang='lat' dir='ltr'>rutilos</span> <span class='ocrx_word' id='word_1_337' title='bbox 580 2800 642 2855; x_wconf 82' lang='lat' dir='ltr'>rotie</span> <span class='ocrx_word' id='word_1_338' title='bbox 656 2813 720 2856; x_wconf 86' lang='lat' dir='ltr'>esse</span> <span class='ocrx_word' id='word_1_339' title='bbox 732 2816 906 2873; x_wconf 80' lang='lat' dir='ltr'>sequepuroc.</span> <span class='ocrx_word' id='word_1_340' title='bbox 1088 2814 1100 2844; x_wconf 70' lang='lat'>⁸</span> <span class='ocrx_word' id='word_1_341' title='bbox 1118 2803 1196 2871; x_wconf 80' lang='lat' dir='ltr'>Quod</span> <span class='ocrx_word' id='word_1_342' title='bbox 1208 2800 1303 2858; x_wconf 80' lang='lat' dir='ltr'>lunen</span> <span class='ocrx_word' id='word_1_343' title='bbox 1312 2807 1362 2871; x_wconf 86' lang='lat' dir='ltr'>ert,</span> <span class='ocrx_word' id='word_1_344' title='bbox 1372 2800 1646 2872; x_wconf 73' lang='lat' dir='ltr'>idionitotsofflctter.</span> 
     </span>
    </p>
   </div>
   <div class='ocr_carea' id='block_1_8' title="bbox 961 2963 1074 3025">
    <p class='ocr_par' dir='ltr' id='par_1_9' title="bbox 961 2963 1074 3025">
     <span class='ocr_line' id='line_1_29' title="bbox 961 2963 1074 3025; baseline 0.044 -5"><span class='ocrx_word' id='word_1_345' title='bbox 961 2963 1074 3025; x_wconf 65' lang='grc' dir='ltr'><strong>ΝΟΜ.</strong></span> 
     </span>
    </p>
   </div>
   <div class='ocr_carea' id='block_1_9' title="bbox 125 3102 1840 5801">
    <p class='ocr_par' dir='ltr' id='par_1_10' title="bbox 125 3102 1840 5801">
     <span class='ocr_line' id='line_1_30' title="bbox 199 3102 1839 3177; baseline -0.012 -3"><span class='ocrx_word' id='word_1_346' title='bbox 199 3118 234 3177; x_wconf 81' lang='grc' dir='ltr'>ιιι</span> <span class='ocrx_word' id='word_1_347' title='bbox 247 3116 282 3175; x_wconf 88' lang='lat' dir='ltr'>ita</span> <span class='ocrx_word' id='word_1_348' title='bbox 298 3114 411 3169; x_wconf 82' lang='lat' dir='ltr'>obscura</span> <span class='ocrx_word' id='word_1_349' title='bbox 425 3116 477 3174; x_wconf 90' lang='lat' dir='ltr'>est,</span> <span class='ocrx_word' id='word_1_350' title='bbox 493 3110 523 3161; x_wconf 89' lang='lat' dir='ltr'>ut</span> <span class='ocrx_word' id='word_1_351' title='bbox 536 3106 570 3161; x_wconf 82' lang='lat' dir='ltr'>etr</span> <span class='ocrx_word' id='word_1_352' title='bbox 580 3104 630 3160; x_wconf 86' lang='lat' dir='ltr'>irae</span> <span class='ocrx_word' id='word_1_353' title='bbox 649 3103 706 3160; x_wconf 81' lang='lat' dir='ltr'>Lux</span> <span class='ocrx_word' id='word_1_354' title='bbox 728 3116 830 3161; x_wconf 77' lang='lat' dir='ltr'>aeterna</span> <span class='ocrx_word' id='word_1_355' title='bbox 846 3105 916 3161; x_wconf 83' lang='lat' dir='ltr'>Deus</span> <span class='ocrx_word' id='word_1_356' title='bbox 927 3106 989 3161; x_wconf 80' lang='lat' dir='ltr'>los·</span> <span class='ocrx_word' id='word_1_357' title='bbox 1043 3106 1116 3160; x_wconf 89' lang='lat' dir='ltr'>ctare</span> <span class='ocrx_word' id='word_1_358' title='bbox 1129 3111 1327 3175; x_wconf 86' lang='lat' dir='ltr'>proponuntur,</span> <span class='ocrx_word' id='word_1_359' title='bbox 1342 3112 1372 3157; x_wconf 89' lang='lat' dir='ltr'>ut</span> <span class='ocrx_word' id='word_1_360' title='bbox 1381 3102 1560 3172; x_wconf 85' lang='lat' dir='ltr'>explicatione</span> <span class='ocrx_word' id='word_1_361' title='bbox 1576 3110 1666 3158; x_wconf 86' lang='lat' dir='ltr'>nostra</span> <span class='ocrx_word' id='word_1_362' title='bbox 1695 3116 1748 3159; x_wconf 89' lang='lat' dir='ltr'>uon</span> <span class='ocrx_word' id='word_1_363' title='bbox 1767 3105 1839 3163; x_wconf 79' lang='lat' dir='ltr'>indi.</span> 
     </span>
     <span class='ocr_line' id='line_1_31' title="bbox 198 3172 1839 3261; baseline -0.008 -16"><span class='ocrx_word' id='word_1_364' title='bbox 198 3191 258 3257; x_wconf 79' lang='lat' dir='ltr'>pius</span> <span class='ocrx_word' id='word_1_365' title='bbox 269 3186 380 3247; x_wconf 81' lang='lat' dir='ltr'>distare,</span> <span class='ocrx_word' id='word_1_366' title='bbox 394 3182 515 3247; x_wconf 86' lang='lat' dir='ltr'>hancque</span> <span class='ocrx_word' id='word_1_367' title='bbox 526 3185 669 3261; x_wconf 85' lang='lat' dir='ltr'>propterea</span> <span class='ocrx_word' id='word_1_368' title='bbox 681 3177 766 3230; x_wconf 86' lang='lat' dir='ltr'>uitare</span> <span class='ocrx_word' id='word_1_369' title='bbox 778 3176 883 3232; x_wconf 85' lang='lat' dir='ltr'>dicatur</span> <span class='ocrx_word' id='word_1_370' title='bbox 898 3194 905 3233; x_wconf 75' lang='grc' dir='ltr'><strong><em>ε</em></strong></span> <span class='ocrx_word' id='word_1_371' title='bbox 921 3187 992 3232; x_wconf 71' lang='lat' dir='ltr'>orme</span> <span class='ocrx_word' id='word_1_372' title='bbox 1045 3174 1248 3244; x_wconf 72' lang='lat' dir='ltr'>gerundense</span> <span class='ocrx_word' id='word_1_373' title='bbox 1278 3174 1364 3227; x_wconf 85' lang='lat' dir='ltr'>solum</span> <span class='ocrx_word' id='word_1_374' title='bbox 1387 3173 1525 3243; x_wconf 84' lang='lat' dir='ltr'>&#39;duplicem</span> <span class='ocrx_word' id='word_1_375' title='bbox 1552 3174 1597 3232; x_wconf 87' lang='lat' dir='ltr'>irie</span> <span class='ocrx_word' id='word_1_376' title='bbox 1620 3172 1839 3243; x_wconf 78' lang='lat' dir='ltr'>distinguendum</span> 
     </span>
     <span class='ocr_line' id='line_1_32' title="bbox 198 3243 1837 3330; baseline -0.021 6"><span class='ocrx_word' id='word_1_377' title='bbox 198 3260 271 3316; x_wconf 68' lang='lat'>⁰⁸⁰⁵</span> <span class='ocrx_word' id='word_1_378' title='bbox 285 3256 377 3319; x_wconf 56' lang='lat' dir='ltr'>‘mliv</span> <span class='ocrx_word' id='word_1_379' title='bbox 399 3261 428 3307; x_wconf 73' lang='lat'>¹¹²</span> <span class='ocrx_word' id='word_1_380' title='bbox 445 3264 512 3321; x_wconf 73' lang='lat'>‘1⁰⁰⁵</span> <span class='ocrx_word' id='word_1_381' title='bbox 526 3247 670 3311; x_wconf 68' lang='lat' dir='ltr'>¹¹¹¹¹¹¹¹i¹¹³¹·</span> <span class='ocrx_word' id='word_1_382' title='bbox 685 3246 711 3301; x_wconf 69' lang='lat' dir='ltr'>&#39;ll</span> <span class='ocrx_word' id='word_1_383' title='bbox 725 3246 861 3315; x_wconf 77' lang='lat' dir='ltr'>ejusmmtt</span> <span class='ocrx_word' id='word_1_384' title='bbox 886 3248 990 3302; x_wconf 77' lang='lat' dir='ltr'>urinam</span> <span class='ocrx_word' id='word_1_385' title='bbox 1005 3266 1029 3330; x_wconf 71' lang='lat' dir='ltr'><strong>c</strong></span> <span class='ocrx_word' id='word_1_386' title='bbox 1044 3243 1837 3317; x_wconf 79' lang='lat' dir='ltr'>esseappetitum3roluntariumrrnrrm,atterumnaturalem.</span> 
     </span>
     <span class='ocr_line' id='line_1_33' title="bbox 198 3315 1840 3387; baseline -0.025 18"><span class='ocrx_word' id='word_1_387' title='bbox 198 3332 279 3387; x_wconf 66' lang='lat' dir='ltr'>⁰¹i²¹¹¹</span> <span class='ocrx_word' id='word_1_388' title='bbox 293 3329 388 3381; x_wconf 84' lang='lat' dir='ltr'>nitent.</span> <span class='ocrx_word' id='word_1_389' title='bbox 799 3378 802 3383; x_wconf 83' lang='lat'>.</span> <span class='ocrx_word' id='word_1_390' title='bbox 1080 3317 1222 3387; x_wconf 81' lang='lat' dir='ltr'>appetitus</span> <span class='ocrx_word' id='word_1_391' title='bbox 1235 3315 1404 3370; x_wconf 86' lang='lat' dir='ltr'>rotuntarius</span> <span class='ocrx_word' id='word_1_392' title='bbox 1416 3324 1459 3371; x_wconf 87' lang='lat' dir='ltr'>est</span> <span class='ocrx_word' id='word_1_393' title='bbox 1471 3316 1528 3386; x_wconf 85' lang='lat' dir='ltr'>ipsa</span> <span class='ocrx_word' id='word_1_394' title='bbox 1543 3317 1640 3372; x_wconf 80' lang='lat' dir='ltr'>mentis</span> <span class='ocrx_word' id='word_1_395' title='bbox 1651 3323 1840 3387; x_wconf 63' lang='lat' dir='ltr'>cognoscenti.</span> 
     </span>
     <span class='ocr_line' id='line_1_34' title="bbox 234 3386 1839 3463; baseline -0.009 -8"><span class='ocrx_word' id='word_1_396' title='bbox 234 3401 278 3455; x_wconf 83' lang='lat' dir='ltr'>tt.</span> <span class='ocrx_word' id='word_1_397' title='bbox 297 3398 370 3451; x_wconf 88' lang='lat' dir='ltr'>ilnnc</span> <span class='ocrx_word' id='word_1_398' title='bbox 383 3395 497 3463; x_wconf 82' lang='lat' dir='ltr'>quisquis</span> <span class='ocrx_word' id='word_1_399' title='bbox 515 3391 607 3460; x_wconf 85' lang='lat' dir='ltr'>poterit</span> <span class='ocrx_word' id='word_1_400' title='bbox 618 3400 706 3442; x_wconf 87' lang='lat' dir='ltr'>notare</span> <span class='ocrx_word' id='word_1_401' title='bbox 727 3387 834 3461; x_wconf 73' lang='lat' dir='ltr'>lucem}</span> <span class='ocrx_word' id='word_1_402' title='bbox 854 3388 935 3444; x_wconf 80' lang='lat' dir='ltr'>licem</span> <span class='ocrx_word' id='word_1_403' title='bbox 947 3390 993 3460; x_wconf 93' lang='lat' dir='ltr'>qui</span> <span class='ocrx_word' id='word_1_404' title='bbox 1044 3388 1181 3453; x_wconf 77' lang='lat' dir='ltr'>solonates,</span> <span class='ocrx_word' id='word_1_405' title='bbox 1206 3386 1284 3457; x_wconf 82' lang='lat' dir='ltr'>cujus</span> <span class='ocrx_word' id='word_1_406' title='bbox 1309 3387 1345 3440; x_wconf 84' lang='lat' dir='ltr'>ita</span> <span class='ocrx_word' id='word_1_407' title='bbox 1373 3401 1466 3442; x_wconf 83' lang='lat' dir='ltr'>sumus</span> <span class='ocrx_word' id='word_1_408' title='bbox 1490 3388 1614 3455; x_wconf 87' lang='lat' dir='ltr'>conscii,</span> <span class='ocrx_word' id='word_1_409' title='bbox 1639 3386 1752 3444; x_wconf 89' lang='lat' dir='ltr'>ducente</span> <span class='ocrx_word' id='word_1_410' title='bbox 1776 3391 1839 3462; x_wconf 73' lang='lat' dir='ltr'>ipso</span> 
     </span>
     <span class='ocr_line' id='line_1_35' title="bbox 199 3455 1840 3529; baseline -0.024 15"><span class='ocrx_word' id='word_1_411' title='bbox 199 3481 241 3529; x_wconf 68' lang='lat'>⁶¹⁸</span> <span class='ocrx_word' id='word_1_412' title='bbox 256 3482 389 3526; x_wconf 75' lang='lat' dir='ltr'>⁸⁰¹¹¹l¹¹⁰¹¹¹</span> <span class='ocrx_word' id='word_1_413' title='bbox 403 3464 514 3517; x_wconf 63' lang='lat' dir='ltr'>imum·</span> <span class='ocrx_word' id='word_1_414' title='bbox 1044 3468 1143 3514; x_wconf 73' lang='lat' dir='ltr'>nostrae</span> <span class='ocrx_word' id='word_1_415' title='bbox 1168 3457 1267 3514; x_wconf 86' lang='lat' dir='ltr'>mentis</span> <span class='ocrx_word' id='word_1_416' title='bbox 1289 3455 1489 3527; x_wconf 85' lang='lat' dir='ltr'>uoluntatisque</span> <span class='ocrx_word' id='word_1_417' title='bbox 1510 3466 1630 3523; x_wconf 69' lang='lat' dir='ltr'>audone,</span> <span class='ocrx_word' id='word_1_418' title='bbox 1651 3458 1779 3527; x_wconf 74' lang='lat' dir='ltr'>majorem</span> <span class='ocrx_word' id='word_1_419' title='bbox 1808 3474 1840 3520; x_wconf 64' lang='lat' dir='ltr'>ug</span> 
     </span>
     <span class='ocr_line' id='line_1_36' title="bbox 235 3526 1838 3612; baseline -0.013 -13"><span class='ocrx_word' id='word_1_420' title='bbox 235 3542 280 3598; x_wconf 88' lang='lat' dir='ltr'>ttt.</span> <span class='ocrx_word' id='word_1_421' title='bbox 297 3536 426 3593; x_wconf 72' lang='lat' dir='ltr'>Candidos</span> <span class='ocrx_word' id='word_1_422' title='bbox 444 3531 535 3587; x_wconf 78' lang='lat' dir='ltr'>Plcoeli</span> <span class='ocrx_word' id='word_1_423' title='bbox 550 3530 638 3584; x_wconf 82' lang='lat' dir='ltr'>radios</span> <span class='ocrx_word' id='word_1_424' title='bbox 651 3526 776 3612; x_wconf 71' lang='lat' dir='ltr'>nequiit]</span> <span class='ocrx_word' id='word_1_425' title='bbox 787 3529 905 3594; x_wconf 87' lang='lat' dir='ltr'>candor,</span> <span class='ocrx_word' id='word_1_426' title='bbox 916 3530 992 3587; x_wconf 88' lang='lat' dir='ltr'>color</span> <span class='ocrx_word' id='word_1_427' title='bbox 1044 3529 1123 3599; x_wconf 85' lang='lat' dir='ltr'>hujus</span> <span class='ocrx_word' id='word_1_428' title='bbox 1136 3528 1340 3599; x_wconf 73' lang='lat' dir='ltr'>intelligentiam</span> <span class='ocrx_word' id='word_1_429' title='bbox 1365 3530 1469 3584; x_wconf 82' lang='lat' dir='ltr'>enutio</span> <span class='ocrx_word' id='word_1_430' title='bbox 1480 3529 1588 3585; x_wconf 83' lang='lat' dir='ltr'>humine</span> <span class='ocrx_word' id='word_1_431' title='bbox 1602 3530 1726 3598; x_wconf 83' lang='lat' dir='ltr'>accipere</span> <span class='ocrx_word' id='word_1_432' title='bbox 1748 3535 1838 3602; x_wconf 64' lang='lat' dir='ltr'>possi.</span> 
     </span>
     <span class='ocr_line' id='line_1_37' title="bbox 198 3598 1839 3670; baseline -0.009 1"><span class='ocrx_word' id='word_1_433' title='bbox 198 3618 241 3670; x_wconf 85' lang='lat' dir='ltr'>est</span> <span class='ocrx_word' id='word_1_434' title='bbox 261 3611 380 3666; x_wconf 91' lang='lat' dir='ltr'>omninm</span> <span class='ocrx_word' id='word_1_435' title='bbox 404 3605 456 3660; x_wconf 90' lang='lat' dir='ltr'>luci</span> <span class='ocrx_word' id='word_1_436' title='bbox 470 3602 645 3658; x_wconf 87' lang='lat' dir='ltr'>simillimus:</span> <span class='ocrx_word' id='word_1_437' title='bbox 664 3600 920 3669; x_wconf 83' lang='lat' dir='ltr'>tnncsirecorporu</span> <span class='ocrx_word' id='word_1_438' title='bbox 934 3604 992 3659; x_wconf 84' lang='lat' dir='ltr'>sire</span> <span class='ocrx_word' id='word_1_439' title='bbox 1042 3616 1112 3656; x_wconf 87' lang='lat' dir='ltr'>mus.</span> <span class='ocrx_word' id='word_1_440' title='bbox 1139 3600 1214 3655; x_wconf 85' lang='lat' dir='ltr'>&#39;lalis</span> <span class='ocrx_word' id='word_1_441' title='bbox 1240 3607 1282 3655; x_wconf 91' lang='lat' dir='ltr'>est</span> <span class='ocrx_word' id='word_1_442' title='bbox 1310 3598 1356 3653; x_wconf 91' lang='lat' dir='ltr'>iile</span> <span class='ocrx_word' id='word_1_443' title='bbox 1381 3600 1530 3668; x_wconf 83' lang='lat' dir='ltr'>appetitus,</span> <span class='ocrx_word' id='word_1_444' title='bbox 1553 3615 1606 3670; x_wconf 89' lang='lat' dir='ltr'>quo</span> <span class='ocrx_word' id='word_1_445' title='bbox 1630 3602 1754 3658; x_wconf 83' lang='lat' dir='ltr'>volumus</span> <span class='ocrx_word' id='word_1_446' title='bbox 1776 3620 1839 3664; x_wconf 71' lang='lat' dir='ltr'>esse</span> 
     </span>
     <span class='ocr_line' id='line_1_38' title="bbox 198 3669 1839 3746; baseline -0.034 -5"><span class='ocrx_word' id='word_1_447' title='bbox 198 3693 304 3740; x_wconf 89' lang='lat' dir='ltr'>mentes</span> <span class='ocrx_word' id='word_1_448' title='bbox 314 3694 347 3735; x_wconf 93' lang='lat' dir='ltr'>eo</span> <span class='ocrx_word' id='word_1_449' title='bbox 362 3676 456 3746; x_wconf 81' lang='lat' dir='ltr'>nnjori</span> <span class='ocrx_word' id='word_1_450' title='bbox 472 3674 587 3728; x_wconf 87' lang='lat' dir='ltr'>caudore</span> <span class='ocrx_word' id='word_1_451' title='bbox 601 3670 671 3727; x_wconf 87' lang='lat' dir='ltr'>alliot</span> <span class='ocrx_word' id='word_1_452' title='bbox 681 3672 817 3737; x_wconf 85' lang='lat' dir='ltr'>dicuntur,</span> <span class='ocrx_word' id='word_1_453' title='bbox 832 3688 885 3741; x_wconf 92' lang='lat' dir='ltr'>quo</span> <span class='ocrx_word' id='word_1_454' title='bbox 895 3674 990 3740; x_wconf 65' lang='lat' dir='ltr'>mojori</span> <span class='ocrx_word' id='word_1_455' title='bbox 1044 3671 1115 3727; x_wconf 63' lang='lat' dir='ltr'>beaq</span> <span class='ocrx_word' id='word_1_456' title='bbox 1131 3690 1138 3725; x_wconf 67' lang='lat'>2</span> <span class='ocrx_word' id='word_1_457' title='bbox 1155 3671 1268 3727; x_wconf 60' lang='lat' dir='ltr'>2³15,qu</span> <span class='ocrx_word' id='word_1_458' title='bbox 1281 3669 1332 3725; x_wconf 58' lang='lat' dir='ltr'>qm</span> <span class='ocrx_word' id='word_1_459' title='bbox 1345 3671 1556 3741; x_wconf 43' lang='lat' dir='ltr'>,mmmmm</span> <span class='ocrx_word' id='word_1_460' title='bbox 1568 3672 1839 3741; x_wconf 67' lang='lat' dir='ltr'>inquttnumpnno.</span> 
     </span>
     <span class='ocr_line' id='line_1_39' title="bbox 198 3742 1837 3826; baseline -0.035 -13"><span class='ocrx_word' id='word_1_461' title='bbox 198 3753 394 3826; x_wconf 89' lang='lat' dir='ltr'>perlunduntur</span> <span class='ocrx_word' id='word_1_462' title='bbox 406 3748 465 3801; x_wconf 85' lang='lat' dir='ltr'>luce</span> <span class='ocrx_word' id='word_1_463' title='bbox 477 3761 485 3801; x_wconf 86' lang='lat'>:</span> <span class='ocrx_word' id='word_1_464' title='bbox 496 3745 566 3799; x_wconf 85' lang='lat' dir='ltr'>sieut</span> <span class='ocrx_word' id='word_1_465' title='bbox 585 3742 672 3803; x_wconf 88' lang='lat' dir='ltr'>stella,</span> <span class='ocrx_word' id='word_1_466' title='bbox 684 3744 806 3812; x_wconf 73' lang='lat' dir='ltr'>scriptio,</span> <span class='ocrx_word' id='word_1_467' title='bbox 820 3745 876 3808; x_wconf 73' lang='lat' dir='ltr'>ipsa</span> <span class='ocrx_word' id='word_1_468' title='bbox 891 3746 993 3814; x_wconf 66' lang='lat' dir='ltr'>cogita.</span> <span class='ocrx_word' id='word_1_469' title='bbox 1041 3745 1147 3811; x_wconf 62' lang='lat' dir='ltr'>509qu</span> <span class='ocrx_word' id='word_1_470' title='bbox 1158 3758 1227 3812; x_wconf 58' lang='grc' dir='ltr'>,ψ</span> <span class='ocrx_word' id='word_1_471' title='bbox 1252 3750 1361 3795; x_wconf 58' lang='lat' dir='ltr'>„mum</span> <span class='ocrx_word' id='word_1_472' title='bbox 1378 3742 1525 3814; x_wconf 50' lang='lat' dir='ltr'><em>mmuh„</em></span> <span class='ocrx_word' id='word_1_473' title='bbox 1538 3745 1623 3802; x_wconf 47' lang='lat' dir='ltr'><em>cami,</em></span> <span class='ocrx_word' id='word_1_474' title='bbox 1644 3759 1721 3814; x_wconf 60' lang='lat' dir='ltr'>mm</span> <span class='ocrx_word' id='word_1_475' title='bbox 1741 3755 1837 3803; x_wconf 63' lang='lat' dir='ltr'>mm</span> 
     </span>
     <span class='ocr_line' id='line_1_40' title="bbox 198 3813 1836 3895; baseline -0.015 -13"><span class='ocrx_word' id='word_1_476' title='bbox 198 3830 253 3892; x_wconf 89' lang='lat' dir='ltr'>tio,</span> <span class='ocrx_word' id='word_1_477' title='bbox 269 3823 396 3887; x_wconf 78' lang='lat' dir='ltr'>Horatio,</span> <span class='ocrx_word' id='word_1_478' title='bbox 413 3815 535 3871; x_wconf 71' lang='lat' dir='ltr'>(Liceroni</span> <span class='ocrx_word' id='word_1_479' title='bbox 547 3858 555 3882; x_wconf 89' lang='lat'>,</span> <span class='ocrx_word' id='word_1_480' title='bbox 567 3814 664 3869; x_wconf 81' lang='lat' dir='ltr'>Oritlin</span> <span class='ocrx_word' id='word_1_481' title='bbox 686 3813 783 3868; x_wconf 82' lang='lat' dir='ltr'>dicitur</span> <span class='ocrx_word' id='word_1_482' title='bbox 801 3815 881 3870; x_wconf 86' lang='lat' dir='ltr'>modo</span> <span class='ocrx_word' id='word_1_483' title='bbox 894 3817 990 3885; x_wconf 77' lang='lat' dir='ltr'>magis,</span> <span class='ocrx_word' id='word_1_484' title='bbox 1041 3814 1203 3886; x_wconf 73' lang='lat' dir='ltr'>resornridnt,</span> <span class='ocrx_word' id='word_1_485' title='bbox 1219 3828 1289 3866; x_wconf 83' lang='lat' dir='ltr'>mens</span> <span class='ocrx_word' id='word_1_486' title='bbox 1313 3814 1426 3867; x_wconf 78' lang='lat' dir='ltr'>temone</span> <span class='ocrx_word' id='word_1_487' title='bbox 1447 3814 1626 3895; x_wconf 71' lang='lat' dir='ltr'>conplectitur:</span> <span class='ocrx_word' id='word_1_488' title='bbox 1647 3824 1692 3868; x_wconf 89' lang='lat' dir='ltr'>ont</span> <span class='ocrx_word' id='word_1_489' title='bbox 1715 3816 1836 3887; x_wconf 57' lang='lat' dir='ltr'>gignendi</span> 
     </span>
     <span class='ocr_line' id='line_1_41' title="bbox 198 3882 1835 3955; baseline -0.014 -2"><span class='ocrx_word' id='word_1_490' title='bbox 198 3900 278 3953; x_wconf 90' lang='lat' dir='ltr'>modo</span> <span class='ocrx_word' id='word_1_491' title='bbox 291 3895 379 3948; x_wconf 81' lang='lat' dir='ltr'>ntinus</span> <span class='ocrx_word' id='word_1_492' title='bbox 390 3887 514 3945; x_wconf 86' lang='lat' dir='ltr'>carrdida.</span> <span class='ocrx_word' id='word_1_493' title='bbox 527 3884 605 3941; x_wconf 82' lang='lat' dir='ltr'>ltadii</span> <span class='ocrx_word' id='word_1_494' title='bbox 621 3896 710 3939; x_wconf 83' lang='lat' dir='ltr'>ornem</span> <span class='ocrx_word' id='word_1_495' title='bbox 723 3885 836 3953; x_wconf 83' lang='lat' dir='ltr'>solares¹</span> <span class='ocrx_word' id='word_1_496' title='bbox 847 3895 991 3954; x_wconf 84' lang='lat' dir='ltr'>qnantum·</span> <span class='ocrx_word' id='word_1_497' title='bbox 1041 3900 1106 3954; x_wconf 83' lang='lat' dir='ltr'>oper</span> <span class='ocrx_word' id='word_1_498' title='bbox 1134 3884 1264 3939; x_wconf 79' lang='lat' dir='ltr'>interdurn</span> <span class='ocrx_word' id='word_1_499' title='bbox 1278 3889 1385 3937; x_wconf 80' lang='lat' dir='ltr'>coercet.</span> <span class='ocrx_word' id='word_1_500' title='bbox 1409 3882 1463 3939; x_wconf 89' lang='lat' dir='ltr'>Sed</span> <span class='ocrx_word' id='word_1_501' title='bbox 1476 3893 1514 3938; x_wconf 86' lang='lat' dir='ltr'>att</span> <span class='ocrx_word' id='word_1_502' title='bbox 1529 3884 1713 3955; x_wconf 76' lang='lat' dir='ltr'>Philosophia,</span> <span class='ocrx_word' id='word_1_503' title='bbox 1729 3904 1756 3941; x_wconf 68' lang='lat' dir='ltr'>re</span> <span class='ocrx_word' id='word_1_504' title='bbox 1766 3904 1835 3944; x_wconf 57' lang='lat' dir='ltr'>nuno</span> 
     </span>
     <span class='ocr_line' id='line_1_42' title="bbox 197 3954 1834 4026; baseline -0.008 -3"><span class='ocrx_word' id='word_1_505' title='bbox 197 3971 237 4025; x_wconf 82' lang='lat' dir='ltr'>sis</span> <span class='ocrx_word' id='word_1_506' title='bbox 252 3965 332 4023; x_wconf 90' lang='lat' dir='ltr'>lucidi</span> <span class='ocrx_word' id='word_1_507' title='bbox 342 3962 493 4024; x_wconf 81' lang='lat' dir='ltr'>videantur,</span> <span class='ocrx_word' id='word_1_508' title='bbox 507 3967 611 4013; x_wconf 87' lang='lat' dir='ltr'>tantum</span> <span class='ocrx_word' id='word_1_509' title='bbox 630 3956 804 4011; x_wconf 84' lang='lat' dir='ltr'>nihilominus</span> <span class='ocrx_word' id='word_1_510' title='bbox 818 3972 872 4012; x_wconf 92' lang='lat' dir='ltr'>non</span> <span class='ocrx_word' id='word_1_511' title='bbox 888 3956 989 4024; x_wconf 85' lang='lat' dir='ltr'>locent,</span> <span class='ocrx_word' id='word_1_512' title='bbox 1042 3971 1093 4009; x_wconf 85' lang='lat' dir='ltr'>nort</span> <span class='ocrx_word' id='word_1_513' title='bbox 1107 3954 1187 4010; x_wconf 84' lang='lat' dir='ltr'>deltis</span> <span class='ocrx_word' id='word_1_514' title='bbox 1199 3954 1351 4009; x_wconf 80' lang='lat' dir='ltr'>uoluntariis</span> <span class='ocrx_word' id='word_1_515' title='bbox 1362 3954 1455 4009; x_wconf 87' lang='lat' dir='ltr'>onirrtoe</span> <span class='ocrx_word' id='word_1_516' title='bbox 1468 3956 1641 4026; x_wconf 80' lang='lat' dir='ltr'>coquosccntio</span> <span class='ocrx_word' id='word_1_517' title='bbox 1656 3957 1766 4014; x_wconf 78' lang='lat' dir='ltr'>mutiles</span> <span class='ocrx_word' id='word_1_518' title='bbox 1779 3969 1834 4015; x_wconf 86' lang='lat' dir='ltr'>tro-</span> 
     </span>
     <span class='ocr_line' id='line_1_43' title="bbox 197 4025 1549 4109; baseline -0.024 -12"><span class='ocrx_word' id='word_1_519' title='bbox 197 4048 326 4109; x_wconf 81' lang='lat' dir='ltr'>qaentnm</span> <span class='ocrx_word' id='word_1_520' title='bbox 353 4034 433 4099; x_wconf 72' lang='lat' dir='ltr'>verre,</span> <span class='ocrx_word' id='word_1_521' title='bbox 452 4027 539 4100; x_wconf 81' lang='lat' dir='ltr'>qui‚¹</span> <span class='ocrx_word' id='word_1_522' title='bbox 555 4028 588 4083; x_wconf 79' lang='lat' dir='ltr'>sd</span> <span class='ocrx_word' id='word_1_523' title='bbox 610 4025 681 4083; x_wconf 82' lang='lat' dir='ltr'>Timr.</span> <span class='ocrx_word' id='word_1_524' title='bbox 696 4041 733 4091; x_wconf 85' lang='lat' dir='ltr'>tt,</span> <span class='ocrx_word' id='word_1_525' title='bbox 756 4028 839 4081; x_wconf 82' lang='lat' dir='ltr'>iucem</span> <span class='ocrx_word' id='word_1_526' title='bbox 865 4026 991 4083; x_wconf 83' lang='lat' dir='ltr'>inloiitot</span> <span class='ocrx_word' id='word_1_527' title='bbox 1041 4037 1121 4081; x_wconf 86' lang='lat' dir='ltr'>ctocc.</span> <span class='ocrx_word' id='word_1_528' title='bbox 1442 4095 1448 4107; x_wconf 96' lang='lat'>.</span> <span class='ocrx_word' id='word_1_529' title='bbox 1543 4096 1549 4107; x_wconf 39' lang='grc' dir='ltr'>Ι</span> 
     </span>
     <span class='ocr_line' id='line_1_44' title="bbox 197 4095 1837 4169; baseline -0.018 17"><span class='ocrx_word' id='word_1_530' title='bbox 197 4106 408 4166; x_wconf 59' lang='lat' dir='ltr'>immilflm·</span> <span class='ocrx_word' id='word_1_531' title='bbox 1077 4097 1220 4169; x_wconf 77' lang='lat' dir='ltr'>appetitus</span> <span class='ocrx_word' id='word_1_532' title='bbox 1231 4103 1322 4151; x_wconf 87' lang='lat' dir='ltr'>autem</span> <span class='ocrx_word' id='word_1_533' title='bbox 1335 4095 1475 4163; x_wconf 78' lang='lat' dir='ltr'>naturalis,</span> <span class='ocrx_word' id='word_1_534' title='bbox 1490 4106 1532 4152; x_wconf 89' lang='lat' dir='ltr'>est</span> <span class='ocrx_word' id='word_1_535' title='bbox 1542 4098 1684 4155; x_wconf 78' lang='lat' dir='ltr'>instinctus</span> <span class='ocrx_word' id='word_1_536' title='bbox 1703 4100 1837 4161; x_wconf 88' lang='lat' dir='ltr'>reietiam·</span> 
     </span>
     <span class='ocr_line' id='line_1_45' title="bbox 235 4166 1838 4243; baseline -0.006 -7"><span class='ocrx_word' id='word_1_537' title='bbox 235 4184 244 4215; x_wconf 90' lang='lat'><strong>¹</strong></span> <span class='ocrx_word' id='word_1_538' title='bbox 258 4178 360 4235; x_wconf 79' lang='lat' dir='ltr'>Bonum</span> <span class='ocrx_word' id='word_1_539' title='bbox 377 4176 462 4243; x_wconf 80' lang='lat' dir='ltr'>ipsum</span> <span class='ocrx_word' id='word_1_540' title='bbox 476 4172 538 4242; x_wconf 83' lang='lat' dir='ltr'>qntt</span> <span class='ocrx_word' id='word_1_541' title='bbox 556 4168 620 4243; x_wconf 81' lang='lat' dir='ltr'>cit]</span> <span class='ocrx_word' id='word_1_542' title='bbox 644 4168 746 4223; x_wconf 76' lang='lat' dir='ltr'>Bonum</span> <span class='ocrx_word' id='word_1_543' title='bbox 765 4167 935 4238; x_wconf 85' lang='lat' dir='ltr'>simpliciter,</span> <span class='ocrx_word' id='word_1_544' title='bbox 955 4168 991 4226; x_wconf 90' lang='lat' dir='ltr'>de</span> <span class='ocrx_word' id='word_1_545' title='bbox 1042 4169 1135 4225; x_wconf 79' lang='lat' dir='ltr'>inscias</span> <span class='ocrx_word' id='word_1_546' title='bbox 1148 4168 1181 4223; x_wconf 87' lang='lat' dir='ltr'>ad</span> <span class='ocrx_word' id='word_1_547' title='bbox 1193 4167 1278 4238; x_wconf 86' lang='lat' dir='ltr'>ipsias</span> <span class='ocrx_word' id='word_1_548' title='bbox 1290 4166 1521 4222; x_wconf 82' lang='lat' dir='ltr'>conseruationem</span> <span class='ocrx_word' id='word_1_549' title='bbox 1536 4167 1664 4226; x_wconf 83' lang='lat' dir='ltr'>divinitus</span> <span class='ocrx_word' id='word_1_550' title='bbox 1675 4171 1838 4241; x_wconf 65' lang='lat' dir='ltr'>impressum</span> 
     </span>
     <span class='ocr_line' id='line_1_46' title="bbox 196 4236 1837 4325; baseline -0.01 -15"><span class='ocrx_word' id='word_1_551' title='bbox 196 4266 250 4325; x_wconf 86' lang='lat' dir='ltr'>quo</span> <span class='ocrx_word' id='word_1_552' title='bbox 264 4262 336 4307; x_wconf 88' lang='lat' dir='ltr'>nunc</span> <span class='ocrx_word' id='word_1_553' title='bbox 357 4246 459 4315; x_wconf 84' lang='lat' dir='ltr'>aqitrrr,</span> <span class='ocrx_word' id='word_1_554' title='bbox 477 4251 518 4297; x_wconf 78' lang='lat' dir='ltr'>est</span> <span class='ocrx_word' id='word_1_555' title='bbox 533 4256 667 4296; x_wconf 89' lang='lat' dir='ltr'>summum</span> <span class='ocrx_word' id='word_1_556' title='bbox 684 4257 691 4294; x_wconf 92' lang='lat'>:</span> <span class='ocrx_word' id='word_1_557' title='bbox 710 4239 738 4294; x_wconf 90' lang='lat' dir='ltr'>id</span> <span class='ocrx_word' id='word_1_558' title='bbox 755 4239 870 4295; x_wconf 86' lang='lat' dir='ltr'>sulliciat</span> <span class='ocrx_word' id='word_1_559' title='bbox 889 4239 991 4297; x_wconf 76' lang='lat' dir='ltr'>dixisse</span> <span class='ocrx_word' id='word_1_560' title='bbox 1041 4238 1161 4295; x_wconf 88' lang='lat' dir='ltr'>Primum</span> <span class='ocrx_word' id='word_1_561' title='bbox 1175 4238 1283 4310; x_wconf 84' lang='lat' dir='ltr'>quidem</span> <span class='ocrx_word' id='word_1_562' title='bbox 1294 4236 1339 4293; x_wconf 78' lang='lat' dir='ltr'>tric</span> <span class='ocrx_word' id='word_1_563' title='bbox 1352 4236 1488 4311; x_wconf 87' lang='lat' dir='ltr'>appetitus</span> <span class='ocrx_word' id='word_1_564' title='bbox 1502 4238 1601 4294; x_wconf 88' lang='lat' dir='ltr'>dicitur</span> <span class='ocrx_word' id='word_1_565' title='bbox 1616 4242 1756 4298; x_wconf 72' lang='lat' dir='ltr'>institutus</span> <span class='ocrx_word' id='word_1_566' title='bbox 1771 4261 1778 4296; x_wconf 89' lang='lat'>:</span> <span class='ocrx_word' id='word_1_567' title='bbox 1792 4252 1837 4303; x_wconf 75' lang='lat' dir='ltr'>esc</span> 
     </span>
     <span class='ocr_line' id='line_1_47' title="bbox 195 4307 1836 4392; baseline -0.026 23"><span class='ocrx_word' id='word_1_568' title='bbox 195 4324 278 4381; x_wconf 68' lang='lat'>&#39;⁸¹⁰⁰&#39;</span> <span class='ocrx_word' id='word_1_569' title='bbox 292 4318 468 4392; x_wconf 51' lang='grc' dir='ltr'>ΝΜ</span> <span class='ocrx_word' id='word_1_570' title='bbox 482 4315 579 4382; x_wconf 72' lang='lat' dir='ltr'>rapite.</span> <span class='ocrx_word' id='word_1_571' title='bbox 1040 4310 1113 4365; x_wconf 75' lang='lat' dir='ltr'>enim</span> <span class='ocrx_word' id='word_1_572' title='bbox 1132 4309 1277 4378; x_wconf 70' lang='lat' dir='ltr'>insulsior</span> <span class='ocrx_word' id='word_1_573' title='bbox 1305 4319 1333 4362; x_wconf 80' lang='lat' dir='ltr'>er</span> <span class='ocrx_word' id='word_1_574' title='bbox 1355 4307 1483 4379; x_wconf 80' lang='lat' dir='ltr'>ouaetton</span> <span class='ocrx_word' id='word_1_575' title='bbox 1498 4309 1625 4381; x_wconf 83' lang='lat' dir='ltr'>impulsio</span> <span class='ocrx_word' id='word_1_576' title='bbox 1641 4322 1713 4367; x_wconf 79' lang='lat' dir='ltr'>rem</span> <span class='ocrx_word' id='word_1_577' title='bbox 1735 4314 1836 4373; x_wconf 79' lang='lat' dir='ltr'>oretum</span> 
     </span>
     <span class='ocr_line' id='line_1_48' title="bbox 231 4378 1836 4459; baseline -0.007 -10"><span class='ocrx_word' id='word_1_578' title='bbox 231 4396 244 4429; x_wconf 82' lang='lat'><strong>¹</strong></span> <span class='ocrx_word' id='word_1_579' title='bbox 258 4392 288 4447; x_wconf 81' lang='lat' dir='ltr'>ll</span> <span class='ocrx_word' id='word_1_580' title='bbox 291 4384 483 4459; x_wconf 71' lang='lat' dir='ltr'>succrevimus]</span> <span class='ocrx_word' id='word_1_581' title='bbox 495 4385 575 4439; x_wconf 86' lang='lat' dir='ltr'>Prosa</span> <span class='ocrx_word' id='word_1_582' title='bbox 590 4383 607 4439; x_wconf 88' lang='grc'>9</span> <span class='ocrx_word' id='word_1_583' title='bbox 622 4382 701 4451; x_wconf 79' lang='lat' dir='ltr'>hujus</span> <span class='ocrx_word' id='word_1_584' title='bbox 717 4378 791 4437; x_wconf 84' lang='lat' dir='ltr'>iibri.</span> <span class='ocrx_word' id='word_1_585' title='bbox 1041 4381 1183 4437; x_wconf 87' lang='lat' dir='ltr'>instinctus</span> <span class='ocrx_word' id='word_1_586' title='bbox 1195 4396 1203 4440; x_wconf 73' lang='grc' dir='ltr'>ς</span> <span class='ocrx_word' id='word_1_587' title='bbox 1220 4394 1279 4434; x_wconf 89' lang='lat' dir='ltr'>cum</span> <span class='ocrx_word' id='word_1_588' title='bbox 1293 4378 1436 4435; x_wconf 83' lang='lat' dir='ltr'>instinctus</span> <span class='ocrx_word' id='word_1_589' title='bbox 1446 4379 1552 4436; x_wconf 86' lang='lat' dir='ltr'>dicatur</span> <span class='ocrx_word' id='word_1_590' title='bbox 1564 4383 1598 4436; x_wconf 85' lang='lat' dir='ltr'>alr</span> <span class='ocrx_word' id='word_1_591' title='bbox 1611 4382 1768 4456; x_wconf 81' lang='lat' dir='ltr'>instipondo,</span> <span class='ocrx_word' id='word_1_592' title='bbox 1782 4386 1836 4443; x_wconf 86' lang='lat' dir='ltr'>true</span> 
     </span>
     <span class='ocr_line' id='line_1_49' title="bbox 230 4450 1834 4531; baseline 0.004 -32"><span class='ocrx_word' id='word_1_593' title='bbox 230 4464 242 4499; x_wconf 84' lang='lat' dir='ltr'>e</span> <span class='ocrx_word' id='word_1_594' title='bbox 255 4462 331 4520; x_wconf 74' lang='lat' dir='ltr'>Bono</span> <span class='ocrx_word' id='word_1_595' title='bbox 344 4473 460 4514; x_wconf 80' lang='lat' dir='ltr'>reoneose</span> <span class='ocrx_word' id='word_1_596' title='bbox 473 4456 622 4527; x_wconf 83' lang='lat' dir='ltr'>quoniame</span> <span class='ocrx_word' id='word_1_597' title='bbox 635 4470 662 4509; x_wconf 83' lang='lat' dir='ltr'>se</span> <span class='ocrx_word' id='word_1_598' title='bbox 676 4454 783 4507; x_wconf 85' lang='lat' dir='ltr'>inuicem</span> <span class='ocrx_word' id='word_1_599' title='bbox 792 4451 990 4525; x_wconf 74' lang='lat' dir='ltr'>discreparent}</span> <span class='ocrx_word' id='word_1_600' title='bbox 1041 4452 1075 4506; x_wconf 88' lang='lat' dir='ltr'>ab</span> <span class='ocrx_word' id='word_1_601' title='bbox 1085 4453 1217 4515; x_wconf 69' lang='lat' dir='ltr'>inuentor</span> <span class='ocrx_word' id='word_1_602' title='bbox 1230 4450 1302 4521; x_wconf 90' lang='lat' dir='ltr'>quod</span> <span class='ocrx_word' id='word_1_603' title='bbox 1317 4450 1361 4531; x_wconf 90' lang='lat' dir='ltr'>qui</span> <span class='ocrx_word' id='word_1_604' title='bbox 1376 4450 1494 4521; x_wconf 75' lang='lat' dir='ltr'>instigat,</span> <span class='ocrx_word' id='word_1_605' title='bbox 1518 4451 1562 4507; x_wconf 86' lang='lat' dir='ltr'>iric</span> <span class='ocrx_word' id='word_1_606' title='bbox 1587 4453 1667 4509; x_wconf 85' lang='lat' dir='ltr'>instat</span> <span class='ocrx_word' id='word_1_607' title='bbox 1691 4466 1719 4510; x_wconf 88' lang='lat' dir='ltr'>ct</span> <span class='ocrx_word' id='word_1_608' title='bbox 1744 4465 1834 4524; x_wconf 80' lang='lat' dir='ltr'>urget.</span> 
     </span>
     <span class='ocr_line' id='line_1_50' title="bbox 194 4522 1834 4601; baseline -0.013 -7"><span class='ocrx_word' id='word_1_609' title='bbox 194 4536 214 4596; x_wconf 97' lang='lat' dir='ltr'>l.</span> <span class='ocrx_word' id='word_1_610' title='bbox 232 4532 406 4601; x_wconf 84' lang='lat' dir='ltr'>l’lrilosopltia</span> <span class='ocrx_word' id='word_1_611' title='bbox 427 4528 562 4597; x_wconf 86' lang='lat' dir='ltr'>proponit,</span> <span class='ocrx_word' id='word_1_612' title='bbox 587 4527 685 4580; x_wconf 79' lang='lat' dir='ltr'>onnam</span> <span class='ocrx_word' id='word_1_613' title='bbox 699 4523 769 4593; x_wconf 87' lang='lat' dir='ltr'>(quo</span> <span class='ocrx_word' id='word_1_614' title='bbox 787 4527 896 4579; x_wconf 85' lang='lat' dir='ltr'>nomine</span> <span class='ocrx_word' id='word_1_615' title='bbox 910 4525 989 4579; x_wconf 89' lang='lat' dir='ltr'>intet-</span> <span class='ocrx_word' id='word_1_616' title='bbox 1041 4524 1144 4580; x_wconf 87' lang='lat' dir='ltr'>lleinde</span> <span class='ocrx_word' id='word_1_617' title='bbox 1159 4524 1229 4577; x_wconf 90' lang='lat' dir='ltr'>idem</span> <span class='ocrx_word' id='word_1_618' title='bbox 1243 4531 1378 4591; x_wconf 74' lang='lat' dir='ltr'>appetitus</span> <span class='ocrx_word' id='word_1_619' title='bbox 1391 4522 1479 4578; x_wconf 90' lang='lat' dir='ltr'>estrei</span> <span class='ocrx_word' id='word_1_620' title='bbox 1491 4526 1572 4578; x_wconf 89' lang='lat' dir='ltr'>ctiam</span> <span class='ocrx_word' id='word_1_621' title='bbox 1588 4524 1678 4580; x_wconf 78' lang='lat' dir='ltr'>inscia</span> <span class='ocrx_word' id='word_1_622' title='bbox 1691 4542 1699 4580; x_wconf 92' lang='lat'><strong>:</strong></span> <span class='ocrx_word' id='word_1_623' title='bbox 1714 4528 1834 4596; x_wconf 74' lang='lat' dir='ltr'>quarroo.</span> 
     </span>
     <span class='ocr_line' id='line_1_51' title="bbox 195 4590 1834 4679; baseline -0.008 -15"><span class='ocrx_word' id='word_1_624' title='bbox 195 4609 253 4679; x_wconf 78' lang='lat' dir='ltr'>liqit</span> <span class='ocrx_word' id='word_1_625' title='bbox 263 4603 410 4669; x_wconf 82' lang='lat' dir='ltr'>summum)</span> <span class='ocrx_word' id='word_1_626' title='bbox 424 4610 486 4653; x_wconf 84' lang='lat' dir='ltr'>esse</span> <span class='ocrx_word' id='word_1_627' title='bbox 498 4613 582 4652; x_wconf 90' lang='lat' dir='ltr'>unum</span> <span class='ocrx_word' id='word_1_628' title='bbox 595 4599 647 4651; x_wconf 77' lang='lat' dir='ltr'>tuoe</span> <span class='ocrx_word' id='word_1_629' title='bbox 660 4596 718 4649; x_wconf 86' lang='lat' dir='ltr'>lere</span> <span class='ocrx_word' id='word_1_630' title='bbox 728 4596 819 4651; x_wconf 88' lang='lat' dir='ltr'>ruodo.</span> <span class='ocrx_word' id='word_1_631' title='bbox 835 4592 902 4650; x_wconf 88' lang='lat' dir='ltr'>Cum</span> <span class='ocrx_word' id='word_1_632' title='bbox 917 4597 987 4650; x_wconf 84' lang='lat' dir='ltr'>inter</span> <span class='ocrx_word' id='word_1_633' title='bbox 1001 4605 1027 4668; x_wconf 76' lang='grc' dir='ltr'><strong>ῃ</strong></span> <span class='ocrx_word' id='word_1_634' title='bbox 1039 4592 1149 4663; x_wconf 90' lang='lat' dir='ltr'>quidem</span> <span class='ocrx_word' id='word_1_635' title='bbox 1167 4596 1193 4647; x_wconf 91' lang='lat' dir='ltr'>in</span> <span class='ocrx_word' id='word_1_636' title='bbox 1215 4590 1374 4663; x_wconf 81' lang='lat' dir='ltr'>corporibus</span> <span class='ocrx_word' id='word_1_637' title='bbox 1399 4592 1562 4659; x_wconf 83' lang='lat' dir='ltr'>irrartimntis,</span> <span class='ocrx_word' id='word_1_638' title='bbox 1580 4595 1607 4649; x_wconf 93' lang='lat' dir='ltr'>in</span> <span class='ocrx_word' id='word_1_639' title='bbox 1634 4595 1731 4664; x_wconf 88' lang='lat' dir='ltr'>quibus</span> <span class='ocrx_word' id='word_1_640' title='bbox 1758 4598 1834 4657; x_wconf 77' lang='lat' dir='ltr'>nulla</span> 
     </span>
     <span class='ocr_line' id='line_1_52' title="bbox 193 4662 1833 4739; baseline -0.01 -4"><span class='ocrx_word' id='word_1_641' title='bbox 193 4694 276 4735; x_wconf 89' lang='lat' dir='ltr'>unum</span> <span class='ocrx_word' id='word_1_642' title='bbox 304 4684 331 4731; x_wconf 90' lang='lat' dir='ltr'>et</span> <span class='ocrx_word' id='word_1_643' title='bbox 344 4674 427 4729; x_wconf 88' lang='lat' dir='ltr'>multa</span> <span class='ocrx_word' id='word_1_644' title='bbox 443 4670 544 4723; x_wconf 83' lang='lat' dir='ltr'>nrtrtlunr</span> <span class='ocrx_word' id='word_1_645' title='bbox 568 4670 717 4736; x_wconf 73' lang='lat' dir='ltr'>exceptant</span> <span class='ocrx_word' id='word_1_646' title='bbox 741 4669 826 4735; x_wconf 86' lang='lat' dir='ltr'>possit</span> <span class='ocrx_word' id='word_1_647' title='bbox 851 4666 999 4733; x_wconf 68' lang='lat' dir='ltr'>medium·</span> <span class='ocrx_word' id='word_1_648' title='bbox 1039 4675 1128 4733; x_wconf 89' lang='lat' dir='ltr'>potest</span> <span class='ocrx_word' id='word_1_649' title='bbox 1140 4680 1200 4719; x_wconf 89' lang='lat' dir='ltr'>esse</span> <span class='ocrx_word' id='word_1_650' title='bbox 1212 4664 1342 4733; x_wconf 76' lang='lat' dir='ltr'>copositio,</span> <span class='ocrx_word' id='word_1_651' title='bbox 1352 4662 1440 4719; x_wconf 88' lang='lat' dir='ltr'>locum</span> <span class='ocrx_word' id='word_1_652' title='bbox 1453 4663 1541 4721; x_wconf 76' lang='lat' dir='ltr'>hebet.</span> <span class='ocrx_word' id='word_1_653' title='bbox 1554 4664 1685 4721; x_wconf 72' lang='lat' dir='ltr'>Praeterea</span> <span class='ocrx_word' id='word_1_654' title='bbox 1696 4666 1739 4722; x_wconf 83' lang='lat' dir='ltr'>iric</span> <span class='ocrx_word' id='word_1_655' title='bbox 1750 4682 1833 4739; x_wconf 85' lang='lat' dir='ltr'>appe·</span> 
     </span>
     <span class='ocr_line' id='line_1_53' title="bbox 193 4735 1831 4806; baseline -0.009 1"><span class='ocrx_word' id='word_1_656' title='bbox 193 4764 305 4806; x_wconf 86' lang='lat' dir='ltr'>necesse</span> <span class='ocrx_word' id='word_1_657' title='bbox 315 4756 356 4802; x_wconf 91' lang='lat' dir='ltr'>est</span> <span class='ocrx_word' id='word_1_658' title='bbox 370 4752 400 4798; x_wconf 92' lang='lat' dir='ltr'>ut</span> <span class='ocrx_word' id='word_1_659' title='bbox 423 4755 557 4796; x_wconf 81' lang='lat' dir='ltr'>srrrnmnm</span> <span class='ocrx_word' id='word_1_660' title='bbox 572 4740 670 4794; x_wconf 87' lang='lat' dir='ltr'>bonrnn</span> <span class='ocrx_word' id='word_1_661' title='bbox 683 4739 719 4791; x_wconf 90' lang='lat' dir='ltr'>sit</span> <span class='ocrx_word' id='word_1_662' title='bbox 738 4753 819 4791; x_wconf 89' lang='lat' dir='ltr'>unum</span> <span class='ocrx_word' id='word_1_663' title='bbox 831 4746 878 4791; x_wconf 87' lang='lat' dir='ltr'>aut</span> <span class='ocrx_word' id='word_1_664' title='bbox 890 4736 981 4791; x_wconf 89' lang='lat' dir='ltr'>rnntti·</span> <span class='ocrx_word' id='word_1_665' title='bbox 1037 4735 1594 4803; x_wconf 79' lang='lat' dir='ltr'>titrrsdivinitusimpressusestznonsecus</span> <span class='ocrx_word' id='word_1_666' title='bbox 1607 4752 1639 4793; x_wconf 88' lang='lat' dir='ltr'>ae</span> <span class='ocrx_word' id='word_1_667' title='bbox 1649 4738 1831 4797; x_wconf 77' lang='lat' dir='ltr'>voluntmius:</span> 
     </span>
     <span class='ocr_line' id='line_1_54' title="bbox 194 4804 1833 4891; baseline -0.015 0"><span class='ocrx_word' id='word_1_668' title='bbox 194 4824 265 4891; x_wconf 58' lang='lat'>9¹0¹·</span> <span class='ocrx_word' id='word_1_669' title='bbox 282 4816 362 4883; x_wconf 79' lang='lat' dir='ltr'>armti</span> <span class='ocrx_word' id='word_1_670' title='bbox 376 4826 511 4869; x_wconf 83' lang='lat' dir='ltr'>summum</span> <span class='ocrx_word' id='word_1_671' title='bbox 526 4809 626 4865; x_wconf 77' lang='lat' dir='ltr'>bonum</span> <span class='ocrx_word' id='word_1_672' title='bbox 651 4823 703 4863; x_wconf 90' lang='lat' dir='ltr'>non</span> <span class='ocrx_word' id='word_1_673' title='bbox 718 4817 879 4877; x_wconf 71' lang='lat' dir='ltr'>potestesse</span> <span class='ocrx_word' id='word_1_674' title='bbox 893 4807 983 4863; x_wconf 79' lang='lat' dir='ltr'>atttriti·</span> <span class='ocrx_word' id='word_1_675' title='bbox 1039 4806 1108 4861; x_wconf 85' lang='lat' dir='ltr'>Deus</span> <span class='ocrx_word' id='word_1_676' title='bbox 1120 4812 1192 4862; x_wconf 86' lang='lat' dir='ltr'>enim</span> <span class='ocrx_word' id='word_1_677' title='bbox 1214 4816 1304 4860; x_wconf 84' lang='lat' dir='ltr'>nrovet</span> <span class='ocrx_word' id='word_1_678' title='bbox 1315 4806 1414 4861; x_wconf 84' lang='lat' dir='ltr'>onrrria.</span> <span class='ocrx_word' id='word_1_679' title='bbox 1429 4804 1548 4876; x_wconf 82' lang='lat' dir='ltr'>Denique</span> <span class='ocrx_word' id='word_1_680' title='bbox 1561 4808 1631 4863; x_wconf 87' lang='lat' dir='ltr'>idem</span> <span class='ocrx_word' id='word_1_681' title='bbox 1646 4811 1780 4876; x_wconf 82' lang='lat' dir='ltr'>appetitus</span> <span class='ocrx_word' id='word_1_682' title='bbox 1790 4820 1833 4869; x_wconf 84' lang='lat' dir='ltr'>est</span> 
     </span>
     <span class='ocr_line' id='line_1_55' title="bbox 145 4875 1832 4961; baseline 0.015 -50"><span class='ocrx_word' id='word_1_683' title='bbox 145 4876 149 4911; x_wconf 89' lang='lat'><strong>:</strong></span> <span class='ocrx_word' id='word_1_684' title='bbox 194 4893 255 4961; x_wconf 66' lang='lat' dir='ltr'>pter</span> <span class='ocrx_word' id='word_1_685' title='bbox 270 4907 279 4944; x_wconf 74' lang='grc' dir='ltr'>ι</span> <span class='ocrx_word' id='word_1_686' title='bbox 293 4884 477 4942; x_wconf 88' lang='lat' dir='ltr'>idcircoenim</span> <span class='ocrx_word' id='word_1_687' title='bbox 493 4881 634 4950; x_wconf 84' lang='lat' dir='ltr'>probatum</span> <span class='ocrx_word' id='word_1_688' title='bbox 656 4889 699 4935; x_wconf 80' lang='lat' dir='ltr'>est</span> <span class='ocrx_word' id='word_1_689' title='bbox 726 4875 842 4943; x_wconf 82' lang='lat' dir='ltr'>divitias,</span> <span class='ocrx_word' id='word_1_690' title='bbox 865 4887 984 4948; x_wconf 71' lang='lat' dir='ltr'>poteru-</span> <span class='ocrx_word' id='word_1_691' title='bbox 1036 4877 1071 4931; x_wconf 77' lang='lat' dir='ltr'>aq</span> <span class='ocrx_word' id='word_1_692' title='bbox 1094 4879 1134 4933; x_wconf 69' lang='lat' dir='ltr'>ret</span> <span class='ocrx_word' id='word_1_693' title='bbox 1156 4876 1408 4955; x_wconf 64' lang='lat' dir='ltr'>conservationem</span> <span class='ocrx_word' id='word_1_694' title='bbox 1424 4876 1502 4931; x_wconf 79' lang='lat' dir='ltr'>licuit</span> <span class='ocrx_word' id='word_1_695' title='bbox 1516 4878 1683 4933; x_wconf 83' lang='lat' dir='ltr'>enimdioino</span> <span class='ocrx_word' id='word_1_696' title='bbox 1698 4881 1832 4949; x_wconf 79' lang='lat' dir='ltr'>procidere·</span> 
     </span>
     <span class='ocr_line' id='line_1_56' title="bbox 193 4948 1830 5022; baseline -0.012 -3"><span class='ocrx_word' id='word_1_697' title='bbox 193 4978 247 5017; x_wconf 88' lang='lat' dir='ltr'>tem</span> <span class='ocrx_word' id='word_1_698' title='bbox 261 4970 289 5015; x_wconf 93' lang='lat' dir='ltr'>et</span> <span class='ocrx_word' id='word_1_699' title='bbox 300 4967 396 5013; x_wconf 79' lang='lat' dir='ltr'>caetera</span> <span class='ocrx_word' id='word_1_700' title='bbox 412 4951 545 5022; x_wconf 83' lang='lat' dir='ltr'>ejusmodi</span> <span class='ocrx_word' id='word_1_701' title='bbox 560 4962 613 5006; x_wconf 86' lang='lat' dir='ltr'>tren</span> <span class='ocrx_word' id='word_1_702' title='bbox 630 4950 727 5005; x_wconf 78' lang='lat' dir='ltr'>habere</span> <span class='ocrx_word' id='word_1_703' title='bbox 743 4949 872 5005; x_wconf 78' lang='lat' dir='ltr'>urionem</span> <span class='ocrx_word' id='word_1_704' title='bbox 883 4949 983 5005; x_wconf 84' lang='lat' dir='ltr'>summi</span> <span class='ocrx_word' id='word_1_705' title='bbox 1037 4950 1085 5014; x_wconf 86' lang='lat' dir='ltr'>tio,</span> <span class='ocrx_word' id='word_1_706' title='bbox 1100 4957 1132 5005; x_wconf 89' lang='lat' dir='ltr'>ut</span> <span class='ocrx_word' id='word_1_707' title='bbox 1142 4948 1187 5004; x_wconf 76' lang='grc' dir='ltr'>ιιι</span> <span class='ocrx_word' id='word_1_708' title='bbox 1200 4948 1313 5012; x_wconf 86' lang='lat' dir='ltr'>dicitur,</span> <span class='ocrx_word' id='word_1_709' title='bbox 1328 4957 1422 5002; x_wconf 78' lang='lat' dir='ltr'>crentur</span> <span class='ocrx_word' id='word_1_710' title='bbox 1435 4962 1452 5001; x_wconf 92' lang='lat' dir='ltr'>o</span> <span class='ocrx_word' id='word_1_711' title='bbox 1463 4964 1489 5002; x_wconf 85' lang='lat' dir='ltr'>oc</span> <span class='ocrx_word' id='word_1_712' title='bbox 1509 4950 1585 5003; x_wconf 79' lang='lat' dir='ltr'>teias</span> <span class='ocrx_word' id='word_1_713' title='bbox 1604 4952 1671 5003; x_wconf 84' lang='lat' dir='ltr'>lunc</span> <span class='ocrx_word' id='word_1_714' title='bbox 1683 4950 1722 5003; x_wconf 86' lang='lat' dir='ltr'>rel</span> <span class='ocrx_word' id='word_1_715' title='bbox 1744 4954 1830 5007; x_wconf 71' lang='lat' dir='ltr'>nmen·-</span> 
     </span>
     <span class='ocr_line' id='line_1_57' title="bbox 192 5020 1831 5098; baseline -0.009 -9"><span class='ocrx_word' id='word_1_716' title='bbox 192 5032 266 5092; x_wconf 81' lang='lat' dir='ltr'>boni.</span> <span class='ocrx_word' id='word_1_717' title='bbox 280 5031 341 5098; x_wconf 87' lang='lat' dir='ltr'>quia</span> <span class='ocrx_word' id='word_1_718' title='bbox 353 5034 416 5080; x_wconf 78' lang='lat' dir='ltr'>sunt</span> <span class='ocrx_word' id='word_1_719' title='bbox 431 5023 526 5078; x_wconf 77' lang='lat' dir='ltr'>inulta.</span> <span class='ocrx_word' id='word_1_720' title='bbox 1037 5035 1105 5073; x_wconf 83' lang='lat' dir='ltr'>ortum</span> <span class='ocrx_word' id='word_1_721' title='bbox 1120 5020 1242 5073; x_wconf 61' lang='lat' dir='ltr'>moneam</span> <span class='ocrx_word' id='word_1_722' title='bbox 1255 5033 1360 5072; x_wconf 79' lang='lat' dir='ltr'>caesum</span> <span class='ocrx_word' id='word_1_723' title='bbox 1371 5056 1379 5081; x_wconf 85' lang='lat'>,</span> <span class='ocrx_word' id='word_1_724' title='bbox 1392 5026 1421 5072; x_wconf 87' lang='lat' dir='ltr'>ut</span> <span class='ocrx_word' id='word_1_725' title='bbox 1430 5021 1515 5089; x_wconf 76' lang='lat' dir='ltr'>quood</span> <span class='ocrx_word' id='word_1_726' title='bbox 1535 5026 1651 5090; x_wconf 80' lang='lat' dir='ltr'>poscunt,</span> <span class='ocrx_word' id='word_1_727' title='bbox 1677 5024 1831 5079; x_wconf 71' lang='lat' dir='ltr'>naturaliter</span> 
     </span>
     <span class='ocr_line' id='line_1_58' title="bbox 226 5088 1831 5161; baseline -0.009 -3"><span class='ocrx_word' id='word_1_728' title='bbox 226 5100 353 5157; x_wconf 68' lang='lat' dir='ltr'>‘Eodem</span> <span class='ocrx_word' id='word_1_729' title='bbox 369 5093 514 5151; x_wconf 75' lang='lat' dir='ltr'>substantie</span> <span class='ocrx_word' id='word_1_730' title='bbox 532 5100 689 5161; x_wconf 83' lang='lat' dir='ltr'>estquotunc</span> <span class='ocrx_word' id='word_1_731' title='bbox 703 5089 855 5145; x_wconf 76' lang='lat' dir='ltr'>emturoit&#39;tcr</span> <span class='ocrx_word' id='word_1_732' title='bbox 880 5105 932 5143; x_wconf 81' lang='lat' dir='ltr'>non</span> <span class='ocrx_word' id='word_1_733' title='bbox 945 5096 982 5144; x_wconf 80' lang='grc' dir='ltr'>ιιι</span> <span class='ocrx_word' id='word_1_734' title='bbox 1036 5090 1306 5144; x_wconf 83' lang='lat' dir='ltr'>mnocredesidcccnt.</span> <span class='ocrx_word' id='word_1_735' title='bbox 1330 5088 1529 5159; x_wconf 83' lang='lat' dir='ltr'>llocappctitu,</span> <span class='ocrx_word' id='word_1_736' title='bbox 1546 5101 1574 5147; x_wconf 84' lang='lat' dir='ltr'>at</span> <span class='ocrx_word' id='word_1_737' title='bbox 1609 5090 1702 5145; x_wconf 79' lang='lat' dir='ltr'>eodum</span> <span class='ocrx_word' id='word_1_738' title='bbox 1727 5103 1831 5150; x_wconf 79' lang='lat' dir='ltr'>notorm</span> 
     </span>
     <span class='ocr_line' id='line_1_59' title="bbox 191 5159 1828 5237; baseline -0.012 -8"><span class='ocrx_word' id='word_1_739' title='bbox 191 5174 307 5228; x_wconf 67' lang='lat' dir='ltr'>insons</span> <span class='ocrx_word' id='word_1_740' title='bbox 328 5163 461 5237; x_wconf 69' lang='lat' dir='ltr'>effectes]</span> <span class='ocrx_word' id='word_1_741' title='bbox 476 5163 532 5218; x_wconf 84' lang='lat' dir='ltr'>rtnn</span> <span class='ocrx_word' id='word_1_742' title='bbox 555 5162 705 5232; x_wconf 84' lang='lat' dir='ltr'>judicamus</span> <span class='ocrx_word' id='word_1_743' title='bbox 725 5163 760 5217; x_wconf 87' lang='lat' dir='ltr'>de</span> <span class='ocrx_word' id='word_1_744' title='bbox 773 5174 853 5215; x_wconf 87' lang='lat' dir='ltr'>eausa</span> <span class='ocrx_word' id='word_1_745' title='bbox 868 5159 918 5214; x_wconf 82' lang='lat' dir='ltr'>nisi</span> <span class='ocrx_word' id='word_1_746' title='bbox 934 5174 981 5228; x_wconf 88' lang='lat' dir='ltr'>per</span> <span class='ocrx_word' id='word_1_747' title='bbox 1034 5160 1162 5233; x_wconf 84' lang='lat' dir='ltr'>principio</span> <span class='ocrx_word' id='word_1_748' title='bbox 1175 5161 1299 5215; x_wconf 63' lang='lat' dir='ltr'>nutricio</span> <span class='ocrx_word' id='word_1_749' title='bbox 1312 5169 1521 5216; x_wconf 75' lang='lat' dir='ltr'>munmoomont.</span> <span class='ocrx_word' id='word_1_750' title='bbox 1547 5160 1567 5217; x_wconf 75' lang='lat' dir='ltr'><strong>E</strong></span> <span class='ocrx_word' id='word_1_751' title='bbox 1604 5176 1646 5217; x_wconf 91' lang='lat' dir='ltr'>em</span> <span class='ocrx_word' id='word_1_752' title='bbox 1661 5178 1760 5233; x_wconf 79' lang='lat' dir='ltr'>semper</span> <span class='ocrx_word' id='word_1_753' title='bbox 1778 5179 1828 5234; x_wconf 77' lang='lat' dir='ltr'>op.</span> 
     </span>
     <span class='ocr_line' id='line_1_60' title="bbox 191 5230 1829 5316; baseline -0.012 -15"><span class='ocrx_word' id='word_1_754' title='bbox 191 5244 311 5316; x_wconf 77' lang='lat' dir='ltr'>eiusdem</span> <span class='ocrx_word' id='word_1_755' title='bbox 326 5239 438 5294; x_wconf 78' lang='lat' dir='ltr'>eductus</span> <span class='ocrx_word' id='word_1_756' title='bbox 452 5252 461 5291; x_wconf 75' lang='grc' dir='ltr'><strong><em>ε</em></strong></span> <span class='ocrx_word' id='word_1_757' title='bbox 477 5235 547 5291; x_wconf 82' lang='lat' dir='ltr'>eunde</span> <span class='ocrx_word' id='word_1_758' title='bbox 560 5247 673 5304; x_wconf 88' lang='lat' dir='ltr'>quorum</span> <span class='ocrx_word' id='word_1_759' title='bbox 691 5246 743 5286; x_wconf 91' lang='lat' dir='ltr'>non</span> <span class='ocrx_word' id='word_1_760' title='bbox 758 5232 880 5287; x_wconf 83' lang='lat' dir='ltr'>videmus</span> <span class='ocrx_word' id='word_1_761' title='bbox 893 5230 982 5285; x_wconf 81' lang='lat' dir='ltr'>diser·</span> <span class='ocrx_word' id='word_1_762' title='bbox 1033 5239 1122 5300; x_wconf 80' lang='lat' dir='ltr'>petent</span> <span class='ocrx_word' id='word_1_763' title='bbox 1132 5231 1252 5302; x_wconf 71' lang='lat' dir='ltr'>piqnendp</span> <span class='ocrx_word' id='word_1_764' title='bbox 1261 5246 1338 5298; x_wconf 86' lang='lat' dir='ltr'>opus,</span> <span class='ocrx_word' id='word_1_765' title='bbox 1353 5231 1467 5296; x_wconf 81' lang='lat' dir='ltr'>qeosolo</span> <span class='ocrx_word' id='word_1_766' title='bbox 1480 5232 1628 5287; x_wconf 83' lang='lat' dir='ltr'>mortalium</span> <span class='ocrx_word' id='word_1_767' title='bbox 1643 5248 1729 5287; x_wconf 82' lang='lat' dir='ltr'>rerem</span> <span class='ocrx_word' id='word_1_768' title='bbox 1750 5234 1829 5293; x_wconf 70' lang='lat' dir='ltr'>durae</span> 
     </span>
     <span class='ocr_line' id='line_1_61' title="bbox 190 5300 1828 5377; baseline -0.009 -7"><span class='ocrx_word' id='word_1_769' title='bbox 190 5316 371 5375; x_wconf 67' lang='lat' dir='ltr'>rosellectus,</span> <span class='ocrx_word' id='word_1_770' title='bbox 387 5308 490 5363; x_wconf 79' lang='lat' dir='ltr'>martium</span> <span class='ocrx_word' id='word_1_771' title='bbox 505 5314 692 5375; x_wconf 68' lang='lat' dir='ltr'>argumentum</span> <span class='ocrx_word' id='word_1_772' title='bbox 716 5301 857 5368; x_wconf 77' lang='grc' dir='ltr'>ιιιιιοιιιιιι,</span> <span class='ocrx_word' id='word_1_773' title='bbox 869 5317 922 5372; x_wconf 85' lang='lat' dir='ltr'>qun</span> <span class='ocrx_word' id='word_1_774' title='bbox 934 5302 980 5370; x_wconf 83' lang='lat' dir='ltr'>ju·</span> <span class='ocrx_word' id='word_1_775' title='bbox 1033 5300 1200 5357; x_wconf 64' lang='lat' dir='ltr'>diuturnitas,</span> <span class='ocrx_word' id='word_1_776' title='bbox 1217 5300 1274 5356; x_wconf 68' lang='lat'>1100</span> <span class='ocrx_word' id='word_1_777' title='bbox 1286 5301 1405 5371; x_wconf 76' lang='lat' dir='ltr'>appetitu</span> <span class='ocrx_word' id='word_1_778' title='bbox 1428 5311 1546 5371; x_wconf 81' lang='lat' dir='ltr'>occeptat</span> <span class='ocrx_word' id='word_1_779' title='bbox 1571 5319 1643 5359; x_wconf 82' lang='lat' dir='ltr'>escas</span> <span class='ocrx_word' id='word_1_780' title='bbox 1656 5302 1713 5359; x_wconf 84' lang='lat' dir='ltr'>sinc</span> <span class='ocrx_word' id='word_1_781' title='bbox 1729 5308 1828 5377; x_wconf 75' lang='lat' dir='ltr'>copita-¹</span> 
     </span>
     <span class='ocr_line' id='line_1_62' title="bbox 125 5370 1827 5447; baseline -0.022 10"><span class='ocrx_word' id='word_1_782' title='bbox 125 5384 128 5389; x_wconf 38' lang='lat'>¹</span> <span class='ocrx_word' id='word_1_783' title='bbox 191 5389 311 5443; x_wconf 85' lang='lat' dir='ltr'>dicemus</span> <span class='ocrx_word' id='word_1_784' title='bbox 326 5384 384 5438; x_wconf 79' lang='lat' dir='ltr'>lroec</span> <span class='ocrx_word' id='word_1_785' title='bbox 395 5394 456 5434; x_wconf 63' lang='lat'>⁰⁸⁸⁰</span> <span class='ocrx_word' id='word_1_786' title='bbox 469 5392 512 5432; x_wconf 65' lang='grc' dir='ltr'>Νι</span> <span class='ocrx_word' id='word_1_787' title='bbox 525 5378 655 5431; x_wconf 61' lang='lat' dir='ltr'>‘illelm-</span> <span class='ocrx_word' id='word_1_788' title='bbox 1032 5372 1102 5425; x_wconf 87' lang='lat' dir='ltr'>tione</span> <span class='ocrx_word' id='word_1_789' title='bbox 1112 5372 1286 5443; x_wconf 80' lang='lat' dir='ltr'>tronriqimue.</span> <span class='ocrx_word' id='word_1_790' title='bbox 1307 5370 1421 5442; x_wconf 81' lang='lat' dir='ltr'>Eodem,</span> <span class='ocrx_word' id='word_1_791' title='bbox 1431 5374 1458 5429; x_wconf 90' lang='lat' dir='ltr'>in</span> <span class='ocrx_word' id='word_1_792' title='bbox 1468 5388 1558 5429; x_wconf 83' lang='lat' dir='ltr'>somno</span> <span class='ocrx_word' id='word_1_793' title='bbox 1575 5374 1695 5447; x_wconf 61' lang='lat' dir='ltr'>spiritam</span> <span class='ocrx_word' id='word_1_794' title='bbox 1708 5375 1827 5435; x_wconf 60' lang='lat' dir='ltr'>dueum„</span> 
     </span>
     <span class='ocr_line' id='line_1_63' title="bbox 227 5440 1826 5523; baseline -0.008 -8"><span class='ocrx_word' id='word_1_795' title='bbox 227 5452 466 5523; x_wconf 78' lang='lat' dir='ltr'>&#39;Noctincipiter,</span> <span class='ocrx_word' id='word_1_796' title='bbox 485 5462 559 5502; x_wconf 81' lang='lat' dir='ltr'>omne</span> <span class='ocrx_word' id='word_1_797' title='bbox 580 5443 727 5517; x_wconf 74' lang='lat' dir='ltr'>quotient]</span> <span class='ocrx_word' id='word_1_798' title='bbox 747 5444 780 5499; x_wconf 89' lang='lat' dir='ltr'>ll.</span> <span class='ocrx_word' id='word_1_799' title='bbox 809 5440 979 5512; x_wconf 82' lang='lat' dir='ltr'>Philosophia</span> <span class='ocrx_word' id='word_1_800' title='bbox 1033 5443 1182 5497; x_wconf 79' lang='lat' dir='ltr'>nescientes.</span> <span class='ocrx_word' id='word_1_801' title='bbox 1213 5442 1270 5497; x_wconf 90' lang='lat' dir='ltr'>lloc</span> <span class='ocrx_word' id='word_1_802' title='bbox 1283 5442 1397 5513; x_wconf 88' lang='lat' dir='ltr'>denique</span> <span class='ocrx_word' id='word_1_803' title='bbox 1417 5444 1538 5516; x_wconf 88' lang='lat' dir='ltr'>appetitu</span> <span class='ocrx_word' id='word_1_804' title='bbox 1559 5452 1653 5501; x_wconf 81' lang='lat' dir='ltr'>cuncto</span> <span class='ocrx_word' id='word_1_805' title='bbox 1675 5462 1734 5517; x_wconf 82' lang='lat' dir='ltr'>qum</span> <span class='ocrx_word' id='word_1_806' title='bbox 1754 5456 1826 5521; x_wconf 78' lang='lat' dir='ltr'>anot,</span> 
     </span>
     <span class='ocr_line' id='line_1_64' title="bbox 190 5514 1828 5600; baseline -0.013 -14"><span class='ocrx_word' id='word_1_807' title='bbox 190 5532 325 5600; x_wconf 86' lang='lat' dir='ltr'>proponit,</span> <span class='ocrx_word' id='word_1_808' title='bbox 333 5526 436 5586; x_wconf 72' lang='lat' dir='ltr'>ornrtte,</span> <span class='ocrx_word' id='word_1_809' title='bbox 449 5533 498 5574; x_wconf 88' lang='lat' dir='ltr'>sno</span> <span class='ocrx_word' id='word_1_810' title='bbox 509 5531 622 5589; x_wconf 73' lang='lat' dir='ltr'>quaeque</span> <span class='ocrx_word' id='word_1_811' title='bbox 635 5520 726 5581; x_wconf 91' lang='lat' dir='ltr'>modo,</span> <span class='ocrx_word' id='word_1_812' title='bbox 736 5530 869 5571; x_wconf 85' lang='lat' dir='ltr'>summum</span> <span class='ocrx_word' id='word_1_813' title='bbox 880 5514 981 5573; x_wconf 84' lang='lat' dir='ltr'>bonum</span> <span class='ocrx_word' id='word_1_814' title='bbox 1032 5522 1155 5582; x_wconf 83' lang='lat' dir='ltr'>oppetunt</span> <span class='ocrx_word' id='word_1_815' title='bbox 1167 5514 1495 5570; x_wconf 73' lang='lat' dir='ltr'>nmuroliterconstontiom</span> <span class='ocrx_word' id='word_1_816' title='bbox 1519 5520 1695 5587; x_wconf 79' lang='lat' dir='ltr'>permanendi,</span> <span class='ocrx_word' id='word_1_817' title='bbox 1714 5518 1828 5573; x_wconf 71' lang='lat' dir='ltr'>desim</span> 
     </span>
     <span class='ocr_line' id='line_1_65' title="bbox 190 5584 1827 5673; baseline -0.013 -15"><span class='ocrx_word' id='word_1_818' title='bbox 190 5611 328 5673; x_wconf 81' lang='lat' dir='ltr'>appetere,</span> <span class='ocrx_word' id='word_1_819' title='bbox 339 5597 388 5650; x_wconf 88' lang='lat' dir='ltr'>sic.</span> <span class='ocrx_word' id='word_1_820' title='bbox 403 5592 471 5647; x_wconf 84' lang='lat' dir='ltr'>Cum</span> <span class='ocrx_word' id='word_1_821' title='bbox 485 5604 567 5644; x_wconf 77' lang='lat' dir='ltr'>tinum</span> <span class='ocrx_word' id='word_1_822' title='bbox 580 5599 609 5643; x_wconf 89' lang='lat' dir='ltr'>et</span> <span class='ocrx_word' id='word_1_823' title='bbox 627 5588 726 5642; x_wconf 87' lang='lat' dir='ltr'>bonum</span> <span class='ocrx_word' id='word_1_824' title='bbox 740 5590 795 5642; x_wconf 89' lang='lat' dir='ltr'>sint</span> <span class='ocrx_word' id='word_1_825' title='bbox 807 5588 901 5641; x_wconf 87' lang='lat' dir='ltr'>eadem</span> <span class='ocrx_word' id='word_1_826' title='bbox 916 5586 980 5643; x_wconf 85' lang='lat' dir='ltr'>sult-</span> <span class='ocrx_word' id='word_1_827' title='bbox 1031 5585 1179 5655; x_wconf 84' lang='lat' dir='ltr'>perniciem.</span> <span class='ocrx_word' id='word_1_828' title='bbox 1205 5585 1250 5641; x_wconf 86' lang='lat' dir='ltr'>Sic</span> <span class='ocrx_word' id='word_1_829' title='bbox 1264 5584 1291 5638; x_wconf 93' lang='lat' dir='ltr'>in</span> <span class='ocrx_word' id='word_1_830' title='bbox 1315 5598 1378 5652; x_wconf 85' lang='lat' dir='ltr'>ove,</span> <span class='ocrx_word' id='word_1_831' title='bbox 1393 5585 1453 5642; x_wconf 82' lang='lat' dir='ltr'>riso</span> <span class='ocrx_word' id='word_1_832' title='bbox 1469 5588 1543 5654; x_wconf 88' lang='lat' dir='ltr'>lupo,</span> <span class='ocrx_word' id='word_1_833' title='bbox 1558 5586 1669 5657; x_wconf 85' lang='lat' dir='ltr'>spiritus</span> <span class='ocrx_word' id='word_1_834' title='bbox 1682 5601 1698 5643; x_wconf 84' lang='lat' dir='ltr'>a</span> <span class='ocrx_word' id='word_1_835' title='bbox 1712 5590 1827 5646; x_wconf 78' lang='lat' dir='ltr'>cerebro</span> 
     </span>
     <span class='ocr_line' id='line_1_66' title="bbox 190 5656 1830 5739; baseline -0.011 -14"><span class='ocrx_word' id='word_1_836' title='bbox 190 5672 302 5738; x_wconf 75' lang='lat' dir='ltr'>smerde,</span> <span class='ocrx_word' id='word_1_837' title='bbox 317 5663 446 5739; x_wconf 87' lang='lat' dir='ltr'>quidquid</span> <span class='ocrx_word' id='word_1_838' title='bbox 458 5660 560 5731; x_wconf 88' lang='lat' dir='ltr'>appetit</span> <span class='ocrx_word' id='word_1_839' title='bbox 574 5674 667 5721; x_wconf 88' lang='lat' dir='ltr'>unum,</span> <span class='ocrx_word' id='word_1_840' title='bbox 683 5657 747 5712; x_wconf 90' lang='lat' dir='ltr'>illud</span> <span class='ocrx_word' id='word_1_841' title='bbox 766 5659 847 5712; x_wconf 82' lang='lat' dir='ltr'>etiam</span> <span class='ocrx_word' id='word_1_842' title='bbox 870 5663 981 5725; x_wconf 86' lang='lat' dir='ltr'>appetat</span> <span class='ocrx_word' id='word_1_843' title='bbox 1032 5671 1080 5723; x_wconf 86' lang='lat' dir='ltr'>per</span> <span class='ocrx_word' id='word_1_844' title='bbox 1090 5671 1186 5712; x_wconf 82' lang='lat' dir='ltr'>neruus</span> <span class='ocrx_word' id='word_1_845' title='bbox 1201 5656 1285 5711; x_wconf 84' lang='lat' dir='ltr'>liuere</span> <span class='ocrx_word' id='word_1_846' title='bbox 1304 5656 1375 5712; x_wconf 89' lang='lat' dir='ltr'>soliti</span> <span class='ocrx_word' id='word_1_847' title='bbox 1390 5658 1423 5713; x_wconf 94' lang='lat' dir='ltr'>ad</span> <span class='ocrx_word' id='word_1_848' title='bbox 1445 5672 1491 5714; x_wconf 87' lang='lat' dir='ltr'>eas</span> <span class='ocrx_word' id='word_1_849' title='bbox 1504 5656 1640 5713; x_wconf 86' lang='lat' dir='ltr'>declinant</span> <span class='ocrx_word' id='word_1_850' title='bbox 1659 5660 1718 5717; x_wconf 84' lang='lat' dir='ltr'>ouis</span> <span class='ocrx_word' id='word_1_851' title='bbox 1732 5670 1830 5730; x_wconf 61' lang='lat' dir='ltr'>puren-</span> 
     </span>
     <span class='ocr_line' id='line_1_67' title="bbox 191 5726 1836 5801; baseline -0.006 -7"><span class='ocrx_word' id='word_1_852' title='bbox 191 5742 291 5794; x_wconf 84' lang='lat' dir='ltr'>trnnnm</span> <span class='ocrx_word' id='word_1_853' title='bbox 317 5730 590 5801; x_wconf 65' lang='lat' dir='ltr'>recenseremus</span> <span class='ocrx_word' id='word_1_854' title='bbox 616 5729 706 5783; x_wconf 81' lang='lat' dir='ltr'>orrrnia</span> <span class='ocrx_word' id='word_1_855' title='bbox 729 5737 857 5797; x_wconf 88' lang='lat' dir='ltr'>appetent</span> <span class='ocrx_word' id='word_1_856' title='bbox 872 5742 977 5781; x_wconf 85' lang='lat' dir='ltr'>unum:</span> <span class='ocrx_word' id='word_1_857' title='bbox 1030 5742 1090 5796; x_wconf 81' lang='lat' dir='ltr'>qnae</span> <span class='ocrx_word' id='word_1_858' title='bbox 1104 5727 1138 5782; x_wconf 84' lang='lat' dir='ltr'>ad</span> <span class='ocrx_word' id='word_1_859' title='bbox 1158 5727 1247 5798; x_wconf 76' lang='lat' dir='ltr'>lugam</span> <span class='ocrx_word' id='word_1_860' title='bbox 1273 5726 1468 5784; x_wconf 86' lang='lat' dir='ltr'>destinantur:</span> <span class='ocrx_word' id='word_1_861' title='bbox 1487 5728 1514 5785; x_wconf 88' lang='lat' dir='ltr'>in</span> <span class='ocrx_word' id='word_1_862' title='bbox 1537 5728 1650 5787; x_wconf 81' lang='lat' dir='ltr'>formica</span> <span class='ocrx_word' id='word_1_863' title='bbox 1673 5744 1749 5798; x_wconf 83' lang='lat' dir='ltr'>sero,</span> <span class='ocrx_word' id='word_1_864' title='bbox 1764 5730 1836 5788; x_wconf 82' lang='lat' dir='ltr'>visu.</span> 
     </span>
    </p>
   </div>
   <div class='ocr_carea' id='block_1_10' title="bbox 189 5797 1822 5947">
    <p class='ocr_par' dir='ltr' id='par_1_11' title="bbox 189 5797 1822 5947">
     <span class='ocr_line' id='line_1_68' title="bbox 190 5797 1822 5889; baseline -0.002 -24"><span class='ocrx_word' id='word_1_865' title='bbox 190 5808 322 5881; x_wconf 81' lang='lat' dir='ltr'>nquttun</span> <span class='ocrx_word' id='word_1_866' title='bbox 335 5810 466 5889; x_wconf 76' lang='lat' dir='ltr'>appetunt</span> <span class='ocrx_word' id='word_1_867' title='bbox 478 5816 550 5884; x_wconf 68' lang='lat' dir='ltr'>essep</span> <span class='ocrx_word' id='word_1_868' title='bbox 564 5808 595 5881; x_wconf 81' lang='lat' dir='ltr'>ut</span> <span class='ocrx_word' id='word_1_869' title='bbox 607 5799 700 5881; x_wconf 82' lang='lat' dir='ltr'>uidere</span> <span class='ocrx_word' id='word_1_870' title='bbox 711 5811 753 5853; x_wconf 80' lang='lat' dir='ltr'>eat</span> <span class='ocrx_word' id='word_1_871' title='bbox 763 5801 790 5853; x_wconf 92' lang='lat' dir='ltr'>in</span> <span class='ocrx_word' id='word_1_872' title='bbox 804 5797 978 5881; x_wconf 74' lang='lat' dir='ltr'>animatione,</span> <span class='ocrx_word' id='word_1_873' title='bbox 1030 5797 1263 5868; x_wconf 66' lang='lat' dir='ltr'>transmeantem</span> <span class='ocrx_word' id='word_1_874' title='bbox 1276 5797 1387 5879; x_wconf 81' lang='lat' dir='ltr'>spiritus</span> <span class='ocrx_word' id='word_1_875' title='bbox 1401 5799 1576 5883; x_wconf 75' lang='lat' dir='ltr'>deturbantur</span> <span class='ocrx_word' id='word_1_876' title='bbox 1586 5801 1620 5857; x_wconf 89' lang='lat' dir='ltr'>ad</span> <span class='ocrx_word' id='word_1_877' title='bbox 1637 5814 1685 5859; x_wconf 84' lang='lat' dir='ltr'>ess</span> <span class='ocrx_word' id='word_1_878' title='bbox 1699 5800 1822 5873; x_wconf 67' lang='lat' dir='ltr'>lormica</span> 
     </span>
     <span class='ocr_line' id='line_1_69' title="bbox 189 5868 1647 5947; baseline -0.007 -8"><span class='ocrx_word' id='word_1_879' title='bbox 189 5882 220 5947; x_wconf 85' lang='lat' dir='ltr'>iu</span> <span class='ocrx_word' id='word_1_880' title='bbox 234 5880 341 5945; x_wconf 74' lang='lat' dir='ltr'>olentis.</span> <span class='ocrx_word' id='word_1_881' title='bbox 353 5893 381 5933; x_wconf 93' lang='lat' dir='ltr'>m</span> <span class='ocrx_word' id='word_1_882' title='bbox 391 5872 549 5941; x_wconf 86' lang='lat' dir='ltr'>eorpontnn</span> <span class='ocrx_word' id='word_1_883' title='bbox 563 5879 726 5925; x_wconf 87' lang='lat' dir='ltr'>rnanrmaue.</span> <span class='ocrx_word' id='word_1_884' title='bbox 740 5868 805 5935; x_wconf 75' lang='lat' dir='ltr'>Qus</span> <span class='ocrx_word' id='word_1_885' title='bbox 815 5882 906 5925; x_wconf 76' lang='lat' dir='ltr'>omina</span> <span class='ocrx_word' id='word_1_886' title='bbox 921 5876 978 5925; x_wconf 75' lang='grc' dir='ltr'>ιιιιι</span> <span class='ocrx_word' id='word_1_887' title='bbox 1030 5880 1130 5940; x_wconf 86' lang='lat' dir='ltr'>partes,</span> <span class='ocrx_word' id='word_1_888' title='bbox 1141 5885 1200 5943; x_wconf 80' lang='lat' dir='ltr'>que</span> <span class='ocrx_word' id='word_1_889' title='bbox 1211 5870 1244 5926; x_wconf 85' lang='lat' dir='ltr'>ad</span> <span class='ocrx_word' id='word_1_890' title='bbox 1258 5871 1414 5941; x_wconf 77' lang='lat' dir='ltr'>capiendam</span> <span class='ocrx_word' id='word_1_891' title='bbox 1421 5870 1560 5945; x_wconf 75' lang='lat' dir='ltr'>drepente</span> <span class='ocrx_word' id='word_1_892' title='bbox 1572 5878 1647 5929; x_wconf 85' lang='lat' dir='ltr'>suut.</span> 
     </span>
    </p>
   </div>
   <div class='ocr_carea' id='block_1_11' title="bbox 0 0 1958 6180">
    <p class='ocr_par' dir='ltr' id='par_1_12' title="bbox 0 0 1958 6180">
     <span class='ocr_line' id='line_1_70' title="bbox 0 0 1958 6180; baseline 0 6"><span class='ocrx_word' id='word_1_893' title='bbox 0 0 1958 6180; x_wconf 95' lang='lat' dir='ltr'> </span> 
     </span>
    </p>
   </div>
  </div>
 </body>
</html>
