<?xml version="1.0" encoding="UTF-8"?>
<!DOCTYPE html PUBLIC "-//W3C//DTD XHTML 1.0 Transitional//EN"
    "http://www.w3.org/TR/xhtml1/DTD/xhtml1-transitional.dtd">
<html xmlns="http://www.w3.org/1999/xhtml" xml:lang="en" lang="en">
 <head>
  <title>
</title>
<meta http-equiv="Content-Type" content="text/html;charset=utf-8" />
  <meta name='ocr-system' content='tesseract 3.04.00' />
  <meta name='ocr-capabilities' content='ocr_page ocr_carea ocr_par ocr_line ocrx_word'/>
</head>
<body>
  <div class='ocr_page' id='page_1' title='image "./patrologiaecurs47unkngoog/patrologiaecurs47unkngoog_0144.png"; bbox 0 0 3906 6180; ppageno 0'>
   <div class='ocr_carea' id='block_1_1' title="bbox 80 325 137 382">
    <p class='ocr_par' dir='ltr' id='par_1_1' title="bbox 80 325 137 382">
     <span class='ocr_line' id='line_1_1' title="bbox 80 325 137 382; baseline 0 0"><span class='ocrx_word' id='word_1_1' title='bbox 80 325 137 382; x_wconf 80' lang='lat' dir='ltr'>stt</span> 
     </span>
    </p>
   </div>
   <div class='ocr_carea' id='block_1_2' title="bbox 814 323 999 385">
    <p class='ocr_par' dir='ltr' id='par_1_2' title="bbox 814 323 999 385">
     <span class='ocr_line' id='line_1_2' title="bbox 814 323 999 385; baseline 0.022 -4"><span class='ocrx_word' id='word_1_2' title='bbox 814 323 999 385; x_wconf 74' lang='lat' dir='ltr'>auctiones</span> 
     </span>
    </p>
   </div>
   <div class='ocr_carea' id='block_1_3' title="bbox 1675 337 1727 393">
    <p class='ocr_par' dir='ltr' id='par_1_3' title="bbox 1675 337 1727 393">
     <span class='ocr_line' id='line_1_3' title="bbox 1675 337 1727 393; baseline 0.019 -1"><span class='ocrx_word' id='word_1_3' title='bbox 1675 337 1727 393; x_wconf 65' lang='grc'>918</span> 
     </span>
    </p>
   </div>
   <div class='ocr_carea' id='block_1_4' title="bbox 31 439 1727 521">
    <p class='ocr_par' dir='ltr' id='par_1_4' title="bbox 31 439 1727 521">
     <span class='ocr_line' id='line_1_4' title="bbox 31 439 1727 521; baseline 0.006 -25"><span class='ocrx_word' id='word_1_4' title='bbox 31 473 40 518; x_wconf 77' lang='grc'>,</span> <span class='ocrx_word' id='word_1_5' title='bbox 82 444 174 513; x_wconf 84' lang='lat' dir='ltr'>gantis</span> <span class='ocrx_word' id='word_1_6' title='bbox 190 458 199 500; x_wconf 82' lang='lat' dir='ltr'>s</span> <span class='ocrx_word' id='word_1_7' title='bbox 215 443 318 500; x_wconf 85' lang='lat' dir='ltr'>lancem</span> <span class='ocrx_word' id='word_1_8' title='bbox 344 445 369 499; x_wconf 93' lang='lat' dir='ltr'>in</span> <span class='ocrx_word' id='word_1_9' title='bbox 396 442 585 500; x_wconf 67' lang='lat' dir='ltr'>exhortatione</span> <span class='ocrx_word' id='word_1_10' title='bbox 606 448 707 504; x_wconf 87' lang='lat' dir='ltr'>teneat,</span> <span class='ocrx_word' id='word_1_11' title='bbox 731 441 778 510; x_wconf 91' lang='lat' dir='ltr'>qul</span> <span class='ocrx_word' id='word_1_12' title='bbox 806 440 887 509; x_wconf 88' lang='lat' dir='ltr'>gestit</span> <span class='ocrx_word' id='word_1_13' title='bbox 899 443 927 504; x_wconf 75' lang='grc' dir='ltr'><strong>Α</strong></span> <span class='ocrx_word' id='word_1_14' title='bbox 940 439 1065 512; x_wconf 70' lang='lat' dir='ltr'>agricolae</span> <span class='ocrx_word' id='word_1_15' title='bbox 1080 443 1392 517; x_wconf 85' lang='lat' dir='ltr'>ligonibusscripscrint,</span> <span class='ocrx_word' id='word_1_16' title='bbox 1406 447 1536 504; x_wconf 78' lang='lat' dir='ltr'>triticeam</span> <span class='ocrx_word' id='word_1_17' title='bbox 1553 463 1667 507; x_wconf 85' lang='lat' dir='ltr'>messem</span> <span class='ocrx_word' id='word_1_18' title='bbox 1680 466 1727 521; x_wconf 83' lang='lat' dir='ltr'>pa-</span> 
     </span>
    </p>
   </div>
   <div class='ocr_carea' id='block_1_5' title="bbox 81 533 882 1511">
    <p class='ocr_par' dir='ltr' id='par_1_5' title="bbox 81 533 882 1511">
     <span class='ocr_line' id='line_1_5' title="bbox 81 533 881 604; baseline -0.001 -15"><span class='ocrx_word' id='word_1_19' title='bbox 81 535 183 594; x_wconf 76' lang='lat' dir='ltr'>audiri,</span> <span class='ocrx_word' id='word_1_20' title='bbox 212 536 352 592; x_wconf 89' lang='lat' dir='ltr'>institutor</span> <span class='ocrx_word' id='word_1_21' title='bbox 381 537 494 590; x_wconf 87' lang='lat' dir='ltr'>uirtutis·</span> <span class='ocrx_word' id='word_1_22' title='bbox 513 535 622 604; x_wconf 79' lang='lat' dir='ltr'>plausus</span> <span class='ocrx_word' id='word_1_23' title='bbox 650 533 776 589; x_wconf 85' lang='lat' dir='ltr'>excludat</span> <span class='ocrx_word' id='word_1_24' title='bbox 792 551 798 586; x_wconf 93' lang='lat'>:</span> <span class='ocrx_word' id='word_1_25' title='bbox 814 535 881 588; x_wconf 90' lang='lat' dir='ltr'>bene</span> 
     </span>
     <span class='ocr_line' id='line_1_6' title="bbox 85 624 881 696; baseline -0.005 -14"><span class='ocrx_word' id='word_1_26' title='bbox 85 639 194 682; x_wconf 81' lang='lat' dir='ltr'>irrorata</span> <span class='ocrx_word' id='word_1_27' title='bbox 208 628 296 683; x_wconf 89' lang='lat' dir='ltr'>orario</span> <span class='ocrx_word' id='word_1_28' title='bbox 311 628 427 696; x_wconf 82' lang='lat' dir='ltr'>imperat</span> <span class='ocrx_word' id='word_1_29' title='bbox 441 626 511 696; x_wconf 91' lang='lat' dir='ltr'>quod</span> <span class='ocrx_word' id='word_1_30' title='bbox 522 625 626 680; x_wconf 86' lang='lat' dir='ltr'>suadet.</span> <span class='ocrx_word' id='word_1_31' title='bbox 639 624 701 680; x_wconf 87' lang='lat' dir='ltr'>llaec</span> <span class='ocrx_word' id='word_1_32' title='bbox 714 626 735 678; x_wconf 93' lang='lat' dir='ltr'>si</span> <span class='ocrx_word' id='word_1_33' title='bbox 747 624 881 694; x_wconf 89' lang='lat' dir='ltr'>explicare</span> 
     </span>
     <span class='ocr_line' id='line_1_7' title="bbox 85 714 882 790; baseline -0.014 -12"><span class='ocrx_word' id='word_1_34' title='bbox 85 733 193 790; x_wconf 85' lang='lat' dir='ltr'>nequeo</span> <span class='ocrx_word' id='word_1_35' title='bbox 207 721 332 776; x_wconf 88' lang='lat' dir='ltr'>lacultate</span> <span class='ocrx_word' id='word_1_36' title='bbox 345 717 462 785; x_wconf 87' lang='lat' dir='ltr'>dicendi,</span> <span class='ocrx_word' id='word_1_37' title='bbox 480 731 570 772; x_wconf 91' lang='lat' dir='ltr'>amare</span> <span class='ocrx_word' id='word_1_38' title='bbox 586 725 675 771; x_wconf 88' lang='lat' dir='ltr'>tamen</span> <span class='ocrx_word' id='word_1_39' title='bbox 694 715 776 770; x_wconf 91' lang='lat' dir='ltr'>didici</span> <span class='ocrx_word' id='word_1_40' title='bbox 791 714 882 769; x_wconf 91' lang='lat' dir='ltr'>consi·</span> 
     </span>
     <span class='ocr_line' id='line_1_8' title="bbox 83 804 879 880; baseline -0.011 -13"><span class='ocrx_word' id='word_1_41' title='bbox 83 811 225 867; x_wconf 88' lang='lat' dir='ltr'>deratione</span> <span class='ocrx_word' id='word_1_42' title='bbox 234 809 367 880; x_wconf 91' lang='lat' dir='ltr'>propositi</span> <span class='ocrx_word' id='word_1_43' title='bbox 376 819 403 863; x_wconf 94' lang='lat' dir='ltr'>et</span> <span class='ocrx_word' id='word_1_44' title='bbox 418 807 535 863; x_wconf 88' lang='lat' dir='ltr'>lectione</span> <span class='ocrx_word' id='word_1_45' title='bbox 548 807 665 862; x_wconf 89' lang='lat' dir='ltr'>consilii.</span> <span class='ocrx_word' id='word_1_46' title='bbox 680 806 747 860; x_wconf 89' lang='lat' dir='ltr'>Pars</span> <span class='ocrx_word' id='word_1_47' title='bbox 757 804 879 872; x_wconf 82' lang='lat' dir='ltr'>quadam</span> 
     </span>
     <span class='ocr_line' id='line_1_9' title="bbox 84 895 878 974; baseline -0.013 -14"><span class='ocrx_word' id='word_1_48' title='bbox 84 903 226 974; x_wconf 68' lang='lat' dir='ltr'>probitatis</span> <span class='ocrx_word' id='word_1_49' title='bbox 244 911 296 968; x_wconf 90' lang='lat' dir='ltr'>est,</span> <span class='ocrx_word' id='word_1_50' title='bbox 322 902 344 956; x_wconf 92' lang='lat' dir='ltr'>si</span> <span class='ocrx_word' id='word_1_51' title='bbox 365 899 476 970; x_wconf 89' lang='lat' dir='ltr'>implere</span> <span class='ocrx_word' id='word_1_52' title='bbox 496 914 627 970; x_wconf 78' lang='lat' dir='ltr'>nequeas,</span> <span class='ocrx_word' id='word_1_53' title='bbox 656 912 737 953; x_wconf 91' lang='lat' dir='ltr'>nosse</span> <span class='ocrx_word' id='word_1_54' title='bbox 756 895 878 951; x_wconf 84' lang='lat' dir='ltr'>meliora.</span> 
     </span>
     <span class='ocr_line' id='line_1_10' title="bbox 84 989 877 1065; baseline -0.016 -10"><span class='ocrx_word' id='word_1_55' title='bbox 84 996 213 1065; x_wconf 80' lang='lat' dir='ltr'>Sequatur</span> <span class='ocrx_word' id='word_1_56' title='bbox 232 995 410 1050; x_wconf 72' lang='lat' dir='ltr'>examinatam</span> <span class='ocrx_word' id='word_1_57' title='bbox 435 993 612 1048; x_wconf 90' lang='lat' dir='ltr'>intentionem</span> <span class='ocrx_word' id='word_1_58' title='bbox 635 990 747 1047; x_wconf 82' lang='lat' dir='ltr'>eductus</span> <span class='ocrx_word' id='word_1_59' title='bbox 766 989 877 1058; x_wconf 87' lang='lat' dir='ltr'>operis:</span> 
     </span>
     <span class='ocr_line' id='line_1_11' title="bbox 83 1080 877 1157; baseline -0.008 -16"><span class='ocrx_word' id='word_1_60' title='bbox 83 1088 223 1157; x_wconf 80' lang='lat' dir='ltr'>proximus</span> <span class='ocrx_word' id='word_1_61' title='bbox 235 1088 364 1155; x_wconf 85' lang='lat' dir='ltr'>magistro</span> <span class='ocrx_word' id='word_1_62' title='bbox 375 1095 427 1151; x_wconf 92' lang='lat' dir='ltr'>est,</span> <span class='ocrx_word' id='word_1_63' title='bbox 439 1087 483 1157; x_wconf 93' lang='lat' dir='ltr'>qui</span> <span class='ocrx_word' id='word_1_64' title='bbox 500 1085 587 1154; x_wconf 76' lang='lat' dir='ltr'>diligit</span> <span class='ocrx_word' id='word_1_65' title='bbox 603 1089 760 1139; x_wconf 88' lang='lat' dir='ltr'>ornamenta</span> <span class='ocrx_word' id='word_1_66' title='bbox 774 1080 877 1137; x_wconf 80' lang='lat' dir='ltr'>doctri·</span> 
     </span>
     <span class='ocr_line' id='line_1_12' title="bbox 82 1172 877 1247; baseline -0.013 -9"><span class='ocrx_word' id='word_1_67' title='bbox 82 1195 135 1239; x_wconf 82' lang='lat' dir='ltr'>sae.</span> <span class='ocrx_word' id='word_1_68' title='bbox 152 1180 224 1236; x_wconf 88' lang='lat' dir='ltr'>lleus</span> <span class='ocrx_word' id='word_1_69' title='bbox 238 1190 327 1235; x_wconf 87' lang='lat' dir='ltr'>tamen</span> <span class='ocrx_word' id='word_1_70' title='bbox 352 1179 407 1234; x_wconf 90' lang='lat' dir='ltr'>roti</span> <span class='ocrx_word' id='word_1_71' title='bbox 429 1193 460 1234; x_wconf 89' lang='lat' dir='ltr'>se</span> <span class='ocrx_word' id='word_1_72' title='bbox 482 1179 609 1233; x_wconf 91' lang='lat' dir='ltr'>comitem</span> <span class='ocrx_word' id='word_1_73' title='bbox 629 1178 783 1247; x_wconf 79' lang='lat' dir='ltr'>jungatzet</span> <span class='ocrx_word' id='word_1_74' title='bbox 804 1172 877 1243; x_wconf 92' lang='lat' dir='ltr'>quod</span> 
     </span>
     <span class='ocr_line' id='line_1_13' title="bbox 82 1268 877 1342; baseline -0.008 -15"><span class='ocrx_word' id='word_1_75' title='bbox 82 1272 195 1329; x_wconf 68' lang='lat' dir='ltr'>aurulis</span> <span class='ocrx_word' id='word_1_76' title='bbox 208 1281 357 1342; x_wconf 82' lang='lat' dir='ltr'>praeceptnr</span> <span class='ocrx_word' id='word_1_77' title='bbox 375 1271 535 1327; x_wconf 88' lang='lat' dir='ltr'>commendo</span> <span class='ocrx_word' id='word_1_78' title='bbox 558 1271 715 1340; x_wconf 80' lang='lat' dir='ltr'>cespitibus,</span> <span class='ocrx_word' id='word_1_79' title='bbox 747 1269 773 1324; x_wconf 93' lang='lat' dir='ltr'>in</span> <span class='ocrx_word' id='word_1_80' title='bbox 789 1268 877 1337; x_wconf 92' lang='lat' dir='ltr'>pomis</span> 
     </span>
     <span class='ocr_line' id='line_1_14' title="bbox 83 1362 794 1433; baseline -0.007 -12"><span class='ocrx_word' id='word_1_81' title='bbox 83 1371 209 1433; x_wconf 79' lang='lat' dir='ltr'>unquam</span> <span class='ocrx_word' id='word_1_82' title='bbox 220 1365 254 1420; x_wconf 91' lang='lat' dir='ltr'>de</span> <span class='ocrx_word' id='word_1_83' title='bbox 265 1363 435 1420; x_wconf 77' lang='lat' dir='ltr'>haereditaria</span> <span class='ocrx_word' id='word_1_84' title='bbox 452 1363 627 1433; x_wconf 83' lang='lat' dir='ltr'>possessione</span> <span class='ocrx_word' id='word_1_85' title='bbox 637 1362 794 1431; x_wconf 86' lang='lat' dir='ltr'>decerpam.</span> 
     </span>
     <span class='ocr_line' id='line_1_15' title="bbox 378 1454 578 1511; baseline -0.005 -1"><span class='ocrx_word' id='word_1_86' title='bbox 378 1454 490 1511; x_wconf 83' lang='lat' dir='ltr'>ulcttu</span> <span class='ocrx_word' id='word_1_87' title='bbox 511 1454 578 1509; x_wconf 90' lang='lat' dir='ltr'>lllll.</span> 
     </span>
    </p>
   </div>
   <div class='ocr_carea' id='block_1_6' title="bbox 51 1534 874 1672">
    <p class='ocr_par' dir='ltr' id='par_1_6' title="bbox 51 1534 874 1672">
     <span class='ocr_line' id='line_1_16' title="bbox 51 1534 874 1615; baseline 0.001 -18"><span class='ocrx_word' id='word_1_88' title='bbox 51 1534 55 1539; x_wconf 66' lang='grc'><strong>’</strong></span> <span class='ocrx_word' id='word_1_89' title='bbox 84 1543 210 1615; x_wconf 69' lang='lat' dir='ltr'>Presstt&#39;u</span> <span class='ocrx_word' id='word_1_90' title='bbox 223 1546 230 1579; x_wconf 88' lang='lat'><strong>¹</strong></span> <span class='ocrx_word' id='word_1_91' title='bbox 247 1545 317 1599; x_wconf 85' lang='lat' dir='ltr'>dictu</span> <span class='ocrx_word' id='word_1_92' title='bbox 335 1544 474 1612; x_wconf 75' lang='lat' dir='ltr'>Lupicino,</span> <span class='ocrx_word' id='word_1_93' title='bbox 486 1544 589 1613; x_wconf 86' lang='lat' dir='ltr'>quando</span> <span class='ocrx_word' id='word_1_94' title='bbox 603 1545 631 1598; x_wconf 89' lang='lat' dir='ltr'>in</span> <span class='ocrx_word' id='word_1_95' title='bbox 645 1542 776 1598; x_wconf 85' lang='lat' dir='ltr'>auditorio</span> <span class='ocrx_word' id='word_1_96' title='bbox 791 1544 874 1598; x_wconf 88' lang='lat' dir='ltr'>trudi·</span> 
     </span>
     <span class='ocr_line' id='line_1_17' title="bbox 315 1614 643 1672; baseline -0.006 -2"><span class='ocrx_word' id='word_1_97' title='bbox 315 1614 538 1672; x_wconf 76' lang='lat' dir='ltr'>tuaestiieuterio</span> <span class='ocrx_word' id='word_1_98' title='bbox 566 1615 595 1670; x_wconf 84' lang='lat' dir='ltr'>t.</span> <span class='ocrx_word' id='word_1_99' title='bbox 612 1615 643 1671; x_wconf 87' lang='lat' dir='ltr'>S.</span> 
     </span>
    </p>
   </div>
   <div class='ocr_carea' id='block_1_7' title="bbox 79 1721 875 2987">
    <p class='ocr_par' dir='ltr' id='par_1_7' title="bbox 312 1721 639 1769">
     <span class='ocr_line' id='line_1_18' title="bbox 312 1721 639 1769; baseline -0.009 -6"><span class='ocrx_word' id='word_1_100' title='bbox 312 1721 489 1769; x_wconf 72' lang='lat' dir='ltr'>mentasanus</span> <span class='ocrx_word' id='word_1_101' title='bbox 509 1722 639 1762; x_wconf 80' lang='lat' dir='ltr'>secunus.</span> 
     </span>
    </p>

    <p class='ocr_par' dir='ltr' id='par_1_8' title="bbox 79 1794 875 2987">
     <span class='ocr_line' id='line_1_19' title="bbox 116 1794 873 1875; baseline 0.001 -25"><span class='ocrx_word' id='word_1_102' title='bbox 116 1795 249 1866; x_wconf 82' lang='lat' dir='ltr'>Quotiens</span> <span class='ocrx_word' id='word_1_103' title='bbox 264 1798 364 1875; x_wconf 84' lang='lat' dir='ltr'>amomi</span> <span class='ocrx_word' id='word_1_104' title='bbox 383 1795 520 1861; x_wconf 90' lang='lat' dir='ltr'>ilosculus,</span> <span class='ocrx_word' id='word_1_105' title='bbox 535 1806 582 1851; x_wconf 91' lang='lat' dir='ltr'>aut</span> <span class='ocrx_word' id='word_1_106' title='bbox 603 1794 699 1851; x_wconf 88' lang='lat' dir='ltr'>messis</span> <span class='ocrx_word' id='word_1_107' title='bbox 717 1795 813 1864; x_wconf 75' lang='lat' dir='ltr'>cassiae</span> <span class='ocrx_word' id='word_1_108' title='bbox 827 1809 873 1866; x_wconf 93' lang='lat' dir='ltr'>per</span> 
     </span>
     <span class='ocr_line' id='line_1_20' title="bbox 84 1888 875 1971; baseline -0.003 -26"><span class='ocrx_word' id='word_1_109' title='bbox 84 1889 311 1971; x_wconf 76' lang='lat' dir='ltr'>depraedationem</span> <span class='ocrx_word' id='word_1_110' title='bbox 332 1889 426 1947; x_wconf 83' lang='lat' dir='ltr'>lascivi</span> <span class='ocrx_word' id='word_1_111' title='bbox 440 1890 547 1969; x_wconf 87' lang='lat' dir='ltr'>pollicis</span> <span class='ocrx_word' id='word_1_112' title='bbox 563 1888 714 1954; x_wconf 83' lang='lat' dir='ltr'>viduantur,</span> <span class='ocrx_word' id='word_1_113' title='bbox 736 1899 762 1942; x_wconf 92' lang='lat' dir='ltr'>et</span> <span class='ocrx_word' id='word_1_114' title='bbox 777 1888 810 1943; x_wconf 86' lang='lat' dir='ltr'>ad</span> <span class='ocrx_word' id='word_1_115' title='bbox 827 1890 875 1943; x_wconf 89' lang='lat' dir='ltr'>do·</span> 
     </span>
     <span class='ocr_line' id='line_1_21' title="bbox 83 1968 873 2061; baseline -0.003 -23"><span class='ocrx_word' id='word_1_116' title='bbox 83 1968 136 2061; x_wconf 62' lang='lat' dir='ltr'>um</span> <span class='ocrx_word' id='word_1_117' title='bbox 148 1997 276 2038; x_wconf 85' lang='lat' dir='ltr'>manarum</span> <span class='ocrx_word' id='word_1_118' title='bbox 293 1982 471 2052; x_wconf 82' lang='lat' dir='ltr'>humanarum</span> <span class='ocrx_word' id='word_1_119' title='bbox 484 1983 573 2055; x_wconf 86' lang='lat' dir='ltr'>nobile</span> <span class='ocrx_word' id='word_1_120' title='bbox 584 1996 694 2050; x_wconf 88' lang='lat' dir='ltr'>gerraea</span> <span class='ocrx_word' id='word_1_121' title='bbox 708 1980 873 2051; x_wconf 77' lang='lat' dir='ltr'>adiuragitur,</span> 
     </span>
     <span class='ocr_line' id='line_1_22' title="bbox 82 2073 874 2147; baseline -0.003 -17"><span class='ocrx_word' id='word_1_122' title='bbox 82 2073 206 2147; x_wconf 84' lang='lat' dir='ltr'>meritum</span> <span class='ocrx_word' id='word_1_123' title='bbox 221 2074 331 2144; x_wconf 89' lang='lat' dir='ltr'>cespitis</span> <span class='ocrx_word' id='word_1_124' title='bbox 350 2074 434 2131; x_wconf 88' lang='lat' dir='ltr'>odore</span> <span class='ocrx_word' id='word_1_125' title='bbox 446 2074 589 2146; x_wconf 84' lang='lat' dir='ltr'>signiticat,</span> <span class='ocrx_word' id='word_1_126' title='bbox 605 2082 632 2130; x_wconf 92' lang='lat' dir='ltr'>et</span> <span class='ocrx_word' id='word_1_127' title='bbox 651 2084 754 2128; x_wconf 80' lang='lat' dir='ltr'>naturae</span> <span class='ocrx_word' id='word_1_128' title='bbox 766 2073 874 2142; x_wconf 89' lang='lat' dir='ltr'>genium</span> 
     </span>
     <span class='ocr_line' id='line_1_23' title="bbox 84 2165 874 2241; baseline -0.001 -18"><span class='ocrx_word' id='word_1_129' title='bbox 84 2167 165 2241; x_wconf 70' lang='lat' dir='ltr'>prima</span> <span class='ocrx_word' id='word_1_130' title='bbox 189 2167 294 2223; x_wconf 89' lang='lat' dir='ltr'>risione</span> <span class='ocrx_word' id='word_1_131' title='bbox 307 2176 440 2226; x_wconf 87' lang='lat' dir='ltr'>testatur:</span> <span class='ocrx_word' id='word_1_132' title='bbox 456 2168 583 2225; x_wconf 86' lang='lat' dir='ltr'>occultari</span> <span class='ocrx_word' id='word_1_133' title='bbox 603 2181 632 2222; x_wconf 92' lang='lat' dir='ltr'>se</span> <span class='ocrx_word' id='word_1_134' title='bbox 651 2182 704 2221; x_wconf 84' lang='lat' dir='ltr'>aron</span> <span class='ocrx_word' id='word_1_135' title='bbox 720 2165 874 2237; x_wconf 75' lang='grc'><strong>1111111-</strong></span> 
     </span>
     <span class='ocr_line' id='line_1_24' title="bbox 82 2243 873 2339; baseline -0.008 -20"><span class='ocrx_word' id='word_1_136' title='bbox 82 2268 140 2319; x_wconf 87' lang='lat' dir='ltr'>tara</span> <span class='ocrx_word' id='word_1_137' title='bbox 158 2261 298 2317; x_wconf 89' lang='lat' dir='ltr'>sublimis:</span> <span class='ocrx_word' id='word_1_138' title='bbox 311 2243 618 2332; x_wconf 67' lang='grc'><strong>(1111111111111111111</strong></span> <span class='ocrx_word' id='word_1_139' title='bbox 629 2275 682 2315; x_wconf 93' lang='lat' dir='ltr'>non</span> <span class='ocrx_word' id='word_1_140' title='bbox 692 2271 799 2339; x_wconf 82' lang='lat' dir='ltr'>terretur</span> <span class='ocrx_word' id='word_1_141' title='bbox 811 2259 873 2314; x_wconf 86' lang='lat' dir='ltr'>abs·</span> 
     </span>
     <span class='ocr_line' id='line_1_25' title="bbox 82 2351 871 2430; baseline -0.005 -22"><span class='ocrx_word' id='word_1_142' title='bbox 82 2351 208 2430; x_wconf 80' lang='lat' dir='ltr'>condito:</span> <span class='ocrx_word' id='word_1_143' title='bbox 230 2368 283 2407; x_wconf 84' lang='lat' dir='ltr'>uox</span> <span class='ocrx_word' id='word_1_144' title='bbox 313 2351 420 2408; x_wconf 71' lang='lat' dir='ltr'>mundae</span> <span class='ocrx_word' id='word_1_145' title='bbox 439 2352 551 2421; x_wconf 89' lang='lat' dir='ltr'>originis</span> <span class='ocrx_word' id='word_1_146' title='bbox 579 2352 642 2408; x_wconf 90' lang='lat' dir='ltr'>licet</span> <span class='ocrx_word' id='word_1_147' title='bbox 662 2353 687 2409; x_wconf 91' lang='lat' dir='ltr'>in</span> <span class='ocrx_word' id='word_1_148' title='bbox 711 2352 871 2416; x_wconf 83' lang='lat' dir='ltr'>recessibus,</span> 
     </span>
     <span class='ocr_line' id='line_1_26' title="bbox 80 2442 872 2523; baseline -0.004 -24"><span class='ocrx_word' id='word_1_149' title='bbox 80 2457 188 2514; x_wconf 79' lang='lat' dir='ltr'>semper</span> <span class='ocrx_word' id='word_1_150' title='bbox 215 2443 333 2523; x_wconf 79' lang='lat' dir='ltr'>auditur.</span> <span class='ocrx_word' id='word_1_151' title='bbox 357 2442 409 2501; x_wconf 85' lang='lat' dir='ltr'>Sed</span> <span class='ocrx_word' id='word_1_152' title='bbox 425 2443 550 2513; x_wconf 86' lang='lat' dir='ltr'>quamtis</span> <span class='ocrx_word' id='word_1_153' title='bbox 571 2444 606 2498; x_wconf 92' lang='lat' dir='ltr'>ila</span> <span class='ocrx_word' id='word_1_154' title='bbox 628 2457 657 2498; x_wconf 89' lang='lat' dir='ltr'>se</span> <span class='ocrx_word' id='word_1_155' title='bbox 677 2458 720 2498; x_wconf 89' lang='lat' dir='ltr'>res</span> <span class='ocrx_word' id='word_1_156' title='bbox 745 2442 872 2508; x_wconf 75' lang='lat' dir='ltr'>innocent,</span> 
     </span>
     <span class='ocr_line' id='line_1_27' title="bbox 80 2532 875 2605; baseline -0.003 -16"><span class='ocrx_word' id='word_1_157' title='bbox 80 2532 254 2593; x_wconf 86' lang='lat' dir='ltr'>humanitatis</span> <span class='ocrx_word' id='word_1_158' title='bbox 272 2536 397 2602; x_wconf 90' lang='lat' dir='ltr'>interest,</span> <span class='ocrx_word' id='word_1_159' title='bbox 422 2551 475 2589; x_wconf 91' lang='grc'>111</span> <span class='ocrx_word' id='word_1_160' title='bbox 492 2546 583 2591; x_wconf 88' lang='lat' dir='ltr'>tacere</span> <span class='ocrx_word' id='word_1_161' title='bbox 602 2533 674 2605; x_wconf 90' lang='lat' dir='ltr'>quud</span> <span class='ocrx_word' id='word_1_162' title='bbox 696 2534 813 2604; x_wconf 87' lang='lat' dir='ltr'>gestias:</span> <span class='ocrx_word' id='word_1_163' title='bbox 827 2547 875 2601; x_wconf 84' lang='lat' dir='ltr'>pu·</span> 
     </span>
     <span class='ocr_line' id='line_1_28' title="bbox 79 2627 871 2700; baseline -0.001 -16"><span class='ocrx_word' id='word_1_164' title='bbox 79 2643 138 2684; x_wconf 88' lang='lat' dir='ltr'>rura</span> <span class='ocrx_word' id='word_1_165' title='bbox 159 2629 273 2700; x_wconf 83' lang='lat' dir='ltr'>suscipit</span> <span class='ocrx_word' id='word_1_166' title='bbox 294 2630 395 2696; x_wconf 88' lang='lat' dir='ltr'>oneris,</span> <span class='ocrx_word' id='word_1_167' title='bbox 419 2629 465 2699; x_wconf 92' lang='lat' dir='ltr'>qui</span> <span class='ocrx_word' id='word_1_168' title='bbox 489 2628 560 2697; x_wconf 89' lang='lat' dir='ltr'>quod</span> <span class='ocrx_word' id='word_1_169' title='bbox 585 2628 636 2683; x_wconf 90' lang='lat' dir='ltr'>scit</span> <span class='ocrx_word' id='word_1_170' title='bbox 650 2642 743 2682; x_wconf 91' lang='lat' dir='ltr'>arnore</span> <span class='ocrx_word' id='word_1_171' title='bbox 761 2627 871 2695; x_wconf 89' lang='lat' dir='ltr'>dignum</span> 
     </span>
     <span class='ocr_line' id='line_1_29' title="bbox 81 2717 871 2799; baseline -0.006 -21"><span class='ocrx_word' id='word_1_172' title='bbox 81 2735 155 2789; x_wconf 85' lang='lat' dir='ltr'>esse,</span> <span class='ocrx_word' id='word_1_173' title='bbox 171 2721 360 2778; x_wconf 85' lang='lat' dir='ltr'>commendat:</span> <span class='ocrx_word' id='word_1_174' title='bbox 377 2720 490 2783; x_wconf 83' lang='lat' dir='ltr'>ieritatis</span> <span class='ocrx_word' id='word_1_175' title='bbox 504 2720 636 2794; x_wconf 69' lang='lat' dir='ltr'>licaoniam</span> <span class='ocrx_word' id='word_1_176' title='bbox 652 2735 705 2774; x_wconf 94' lang='lat' dir='ltr'>noa</span> <span class='ocrx_word' id='word_1_177' title='bbox 719 2720 811 2784; x_wconf 80' lang='lat' dir='ltr'>evitat,</span> <span class='ocrx_word' id='word_1_178' title='bbox 826 2717 871 2799; x_wconf 85' lang='lat' dir='ltr'>qui</span> 
     </span>
     <span class='ocr_line' id='line_1_30' title="bbox 80 2808 869 2884; baseline -0.008 -16"><span class='ocrx_word' id='word_1_179' title='bbox 80 2827 137 2868; x_wconf 92' lang='lat' dir='ltr'>nan</span> <span class='ocrx_word' id='word_1_180' title='bbox 149 2811 258 2868; x_wconf 90' lang='lat' dir='ltr'>iestinat</span> <span class='ocrx_word' id='word_1_181' title='bbox 270 2827 401 2877; x_wconf 86' lang='lat' dir='ltr'>asserere,</span> <span class='ocrx_word' id='word_1_182' title='bbox 415 2811 487 2884; x_wconf 85' lang='lat' dir='ltr'>quud</span> <span class='ocrx_word' id='word_1_183' title='bbox 505 2812 607 2869; x_wconf 83' lang='lat' dir='ltr'>atteritis</span> <span class='ocrx_word' id='word_1_184' title='bbox 625 2811 698 2867; x_wconf 86' lang='lat' dir='ltr'>rtorit</span> <span class='ocrx_word' id='word_1_185' title='bbox 712 2824 772 2865; x_wconf 91' lang='lat' dir='ltr'>esse</span> <span class='ocrx_word' id='word_1_186' title='bbox 787 2808 869 2879; x_wconf 90' lang='lat' dir='ltr'>placi·</span> 
     </span>
     <span class='ocr_line' id='line_1_31' title="bbox 80 2903 871 2987; baseline -0.006 -25"><span class='ocrx_word' id='word_1_187' title='bbox 80 2916 184 2987; x_wconf 85' lang='lat' dir='ltr'>turum.</span> <span class='ocrx_word' id='word_1_188' title='bbox 198 2906 274 2962; x_wconf 85' lang='lat' dir='ltr'>Diem</span> <span class='ocrx_word' id='word_1_189' title='bbox 288 2906 398 2982; x_wconf 87' lang='lat' dir='ltr'>laudare</span> <span class='ocrx_word' id='word_1_190' title='bbox 413 2907 473 2977; x_wconf 90' lang='lat' dir='ltr'>quis</span> <span class='ocrx_word' id='word_1_191' title='bbox 483 2905 599 2976; x_wconf 79' lang='lat' dir='ltr'>abnuat?</span> <span class='ocrx_word' id='word_1_192' title='bbox 611 2905 735 2963; x_wconf 85' lang='lat' dir='ltr'>attollere</span> <span class='ocrx_word' id='word_1_193' title='bbox 750 2903 815 2959; x_wconf 90' lang='lat' dir='ltr'>solis</span> <span class='ocrx_word' id='word_1_194' title='bbox 825 2916 871 2959; x_wconf 86' lang='lat' dir='ltr'>ra·</span> 
     </span>
    </p>
   </div>
   <div class='ocr_carea' id='block_1_8' title="bbox 79 2992 869 3079">
    <p class='ocr_par' dir='ltr' id='par_1_9' title="bbox 79 2992 869 3079">
     <span class='ocr_line' id='line_1_32' title="bbox 79 2992 869 3079; baseline -0.005 -26"><span class='ocrx_word' id='word_1_195' title='bbox 79 2998 137 3054; x_wconf 90' lang='lat' dir='ltr'>dios</span> <span class='ocrx_word' id='word_1_196' title='bbox 148 2998 209 3079; x_wconf 84' lang='lat' dir='ltr'>quis</span> <span class='ocrx_word' id='word_1_197' title='bbox 225 3007 325 3053; x_wconf 90' lang='lat' dir='ltr'>metuat</span> <span class='ocrx_word' id='word_1_198' title='bbox 339 2998 460 3067; x_wconf 91' lang='lat' dir='ltr'>qualibet</span> <span class='ocrx_word' id='word_1_199' title='bbox 476 3007 555 3052; x_wconf 92' lang='lat' dir='ltr'>nocte</span> <span class='ocrx_word' id='word_1_200' title='bbox 575 2995 750 3053; x_wconf 79' lang='lat' dir='ltr'>sermonumt</span> <span class='ocrx_word' id='word_1_201' title='bbox 771 2994 795 3057; x_wconf 87' lang='lat' dir='ltr'>si</span> <span class='ocrx_word' id='word_1_202' title='bbox 810 2992 869 3049; x_wconf 87' lang='lat' dir='ltr'>tlre-</span> 
     </span>
    </p>
   </div>
   <div class='ocr_carea' id='block_1_9' title="bbox 78 3088 1715 3267">
    <p class='ocr_par' dir='ltr' id='par_1_10' title="bbox 78 3088 1715 3267">
     <span class='ocr_line' id='line_1_33' title="bbox 78 3088 869 3176; baseline -0.008 -25"><span class='ocrx_word' id='word_1_203' title='bbox 78 3095 141 3176; x_wconf 78' lang='lat' dir='ltr'>utsti</span> <span class='ocrx_word' id='word_1_204' title='bbox 156 3093 315 3175; x_wconf 83' lang='lat' dir='ltr'>obsequium</span> <span class='ocrx_word' id='word_1_205' title='bbox 336 3095 551 3165; x_wconf 87' lang='lat' dir='ltr'>praestatoratio,</span> <span class='ocrx_word' id='word_1_206' title='bbox 572 3093 606 3151; x_wconf 89' lang='lat' dir='ltr'>ab</span> <span class='ocrx_word' id='word_1_207' title='bbox 628 3094 687 3163; x_wconf 91' lang='lat' dir='ltr'>ipso</span> <span class='ocrx_word' id='word_1_208' title='bbox 702 3091 818 3163; x_wconf 92' lang='lat' dir='ltr'>suscipit</span> <span class='ocrx_word' id='word_1_209' title='bbox 828 3088 869 3145; x_wconf 88' lang='lat' dir='ltr'>di·</span> 
     </span>
     <span class='ocr_line' id='line_1_34' title="bbox 79 3183 1715 3267; baseline -0.004 -11"><span class='ocrx_word' id='word_1_210' title='bbox 79 3189 217 3267; x_wconf 86' lang='lat' dir='ltr'>gnitatem.</span> <span class='ocrx_word' id='word_1_211' title='bbox 237 3187 343 3257; x_wconf 73' lang='grc' dir='ltr'>ΡΓθΡῐῑῑ</span> <span class='ocrx_word' id='word_1_212' title='bbox 363 3202 427 3259; x_wconf 90' lang='lat' dir='ltr'>ergo</span> <span class='ocrx_word' id='word_1_213' title='bbox 443 3189 597 3264; x_wconf 64' lang='grc'><strong>[1131111101</strong></span> <span class='ocrx_word' id='word_1_214' title='bbox 613 3184 731 3241; x_wconf 63' lang='lat' dir='ltr'>illiberis</span> <span class='ocrx_word' id='word_1_215' title='bbox 756 3183 867 3254; x_wconf 61' lang='grc' dir='ltr'><strong>1118θῦ11(</strong></span> <span class='ocrx_word' id='word_1_216' title='bbox 881 3198 908 3264; x_wconf 74' lang='lat'><strong>0</strong></span> <span class='ocrx_word' id='word_1_217' title='bbox 922 3192 1063 3260; x_wconf 75' lang='lat' dir='ltr'>incendic,</span> <span class='ocrx_word' id='word_1_218' title='bbox 1081 3195 1181 3262; x_wconf 90' lang='lat' dir='ltr'>poterit</span> <span class='ocrx_word' id='word_1_219' title='bbox 1195 3194 1343 3263; x_wconf 85' lang='lat' dir='ltr'>praedicare</span> <span class='ocrx_word' id='word_1_220' title='bbox 1361 3196 1432 3265; x_wconf 91' lang='lat' dir='ltr'>qnod</span> <span class='ocrx_word' id='word_1_221' title='bbox 1452 3196 1599 3252; x_wconf 89' lang='lat' dir='ltr'>nascimur.</span> <span class='ocrx_word' id='word_1_222' title='bbox 1616 3195 1715 3264; x_wconf 84' lang='lat' dir='ltr'>Splen-</span> 
     </span>
    </p>
   </div>
   <div class='ocr_carea' id='block_1_10' title="bbox 79 3275 874 4545">
    <p class='ocr_par' dir='ltr' id='par_1_11' title="bbox 79 3275 874 4545">
     <span class='ocr_line' id='line_1_35' title="bbox 81 3275 870 3351; baseline -0.005 -18"><span class='ocrx_word' id='word_1_223' title='bbox 81 3280 186 3350; x_wconf 89' lang='lat' dir='ltr'>quaado</span> <span class='ocrx_word' id='word_1_224' title='bbox 201 3280 303 3351; x_wconf 93' lang='lat' dir='ltr'>eloquii</span> <span class='ocrx_word' id='word_1_225' title='bbox 315 3279 403 3339; x_wconf 81' lang='lat' dir='ltr'>tilitas</span> <span class='ocrx_word' id='word_1_226' title='bbox 419 3279 504 3350; x_wconf 86' lang='lat' dir='ltr'>pretio</span> <span class='ocrx_word' id='word_1_227' title='bbox 524 3287 656 3348; x_wconf 76' lang='lat' dir='ltr'>susceptae</span> <span class='ocrx_word' id='word_1_228' title='bbox 675 3277 801 3339; x_wconf 87' lang='lat' dir='ltr'>dictionis</span> <span class='ocrx_word' id='word_1_229' title='bbox 814 3275 870 3343; x_wconf 85' lang='lat' dir='ltr'>ele·</span> 
     </span>
     <span class='ocr_line' id='line_1_36' title="bbox 79 3354 872 3445; baseline -0.001 -21"><span class='ocrx_word' id='word_1_230' title='bbox 79 3379 160 3443; x_wconf 80' lang='lat' dir='ltr'>satur</span> <span class='ocrx_word' id='word_1_231' title='bbox 171 3388 178 3424; x_wconf 93' lang='lat'><strong>:</strong></span> <span class='ocrx_word' id='word_1_232' title='bbox 191 3371 299 3442; x_wconf 87' lang='lat' dir='ltr'>erigere</span> <span class='ocrx_word' id='word_1_233' title='bbox 314 3354 391 3428; x_wconf 86' lang='lat' dir='ltr'>meas</span> <span class='ocrx_word' id='word_1_234' title='bbox 406 3371 475 3443; x_wconf 82' lang='lat' dir='ltr'>lusce</span> <span class='ocrx_word' id='word_1_235' title='bbox 488 3371 617 3441; x_wconf 88' lang='lat' dir='ltr'>depressa</span> <span class='ocrx_word' id='word_1_236' title='bbox 629 3371 769 3445; x_wconf 80' lang='lat' dir='ltr'>imperitiae</span> <span class='ocrx_word' id='word_1_237' title='bbox 783 3386 788 3424; x_wconf 88' lang='grc'><strong>;</strong></span> <span class='ocrx_word' id='word_1_238' title='bbox 802 3368 872 3439; x_wconf 85' lang='lat' dir='ltr'>dex·</span> 
     </span>
     <span class='ocr_line' id='line_1_37' title="bbox 79 3461 872 3539; baseline -0.001 -21"><span class='ocrx_word' id='word_1_239' title='bbox 79 3469 136 3518; x_wconf 82' lang='lat' dir='ltr'>tera</span> <span class='ocrx_word' id='word_1_240' title='bbox 149 3462 259 3539; x_wconf 79' lang='lat' dir='ltr'>impacti</span> <span class='ocrx_word' id='word_1_241' title='bbox 275 3462 366 3519; x_wconf 80' lang='lat' dir='ltr'>orieris</span> <span class='ocrx_word' id='word_1_242' title='bbox 378 3463 539 3520; x_wconf 78' lang='lat' dir='ltr'>sublevaris.</span> <span class='ocrx_word' id='word_1_243' title='bbox 554 3462 607 3524; x_wconf 87' lang='lat' dir='ltr'>Sed</span> <span class='ocrx_word' id='word_1_244' title='bbox 622 3477 670 3534; x_wconf 82' lang='lat' dir='ltr'>cur</span> <span class='ocrx_word' id='word_1_245' title='bbox 684 3462 770 3539; x_wconf 86' lang='lat' dir='ltr'>longis</span> <span class='ocrx_word' id='word_1_246' title='bbox 787 3461 872 3529; x_wconf 81' lang='lat' dir='ltr'>innol-</span> 
     </span>
     <span class='ocr_line' id='line_1_38' title="bbox 79 3540 872 3631; baseline 0 -23"><span class='ocrx_word' id='word_1_247' title='bbox 79 3540 189 3631; x_wconf 81' lang='lat' dir='ltr'>rimur?</span> <span class='ocrx_word' id='word_1_248' title='bbox 199 3556 327 3612; x_wconf 86' lang='lat' dir='ltr'>Praesenti</span> <span class='ocrx_word' id='word_1_249' title='bbox 336 3556 539 3625; x_wconf 87' lang='lat' dir='ltr'>adolescentulo</span> <span class='ocrx_word' id='word_1_250' title='bbox 552 3555 650 3610; x_wconf 85' lang='lat' dir='ltr'>militat</span> <span class='ocrx_word' id='word_1_251' title='bbox 662 3555 771 3625; x_wconf 80' lang='lat' dir='ltr'>prelata</span> <span class='ocrx_word' id='word_1_252' title='bbox 782 3568 872 3608; x_wconf 88' lang='lat' dir='ltr'>narra·</span> 
     </span>
     <span class='ocr_line' id='line_1_39' title="bbox 82 3628 870 3716; baseline 0.001 -15"><span class='ocrx_word' id='word_1_253' title='bbox 82 3628 132 3712; x_wconf 82' lang='lat' dir='ltr'>tio,</span> <span class='ocrx_word' id='word_1_254' title='bbox 146 3634 223 3715; x_wconf 89' lang='lat' dir='ltr'>quem</span> <span class='ocrx_word' id='word_1_255' title='bbox 237 3647 387 3715; x_wconf 89' lang='lat' dir='ltr'>rediturum</span> <span class='ocrx_word' id='word_1_256' title='bbox 408 3644 441 3700; x_wconf 91' lang='lat' dir='ltr'>ad</span> <span class='ocrx_word' id='word_1_257' title='bbox 456 3662 581 3716; x_wconf 86' lang='lat' dir='ltr'>proauos,</span> <span class='ocrx_word' id='word_1_258' title='bbox 598 3652 651 3701; x_wconf 92' lang='lat' dir='ltr'>non</span> <span class='ocrx_word' id='word_1_259' title='bbox 666 3645 870 3702; x_wconf 88' lang='lat' dir='ltr'>denuntiatione</span> 
     </span>
     <span class='ocr_line' id='line_1_40' title="bbox 80 3741 871 3820; baseline 0.004 -26"><span class='ocrx_word' id='word_1_260' title='bbox 80 3755 222 3820; x_wconf 87' lang='lat' dir='ltr'>angurum,</span> <span class='ocrx_word' id='word_1_261' title='bbox 238 3741 285 3796; x_wconf 93' lang='lat' dir='ltr'>sed</span> <span class='ocrx_word' id='word_1_262' title='bbox 301 3750 361 3811; x_wconf 90' lang='lat' dir='ltr'>post</span> <span class='ocrx_word' id='word_1_263' title='bbox 378 3742 459 3797; x_wconf 83' lang='lat' dir='ltr'>lteram</span> <span class='ocrx_word' id='word_1_264' title='bbox 472 3741 553 3809; x_wconf 86' lang='lat' dir='ltr'>iplttrs</span> <span class='ocrx_word' id='word_1_265' title='bbox 565 3757 613 3813; x_wconf 88' lang='lat' dir='ltr'>spe</span> <span class='ocrx_word' id='word_1_266' title='bbox 625 3742 689 3796; x_wconf 83' lang='lat' dir='ltr'>milri</span> <span class='ocrx_word' id='word_1_267' title='bbox 703 3751 800 3796; x_wconf 76' lang='lat' dir='ltr'>restrae</span> <span class='ocrx_word' id='word_1_268' title='bbox 813 3757 871 3810; x_wconf 89' lang='lat' dir='ltr'>per·</span> 
     </span>
     <span class='ocr_line' id='line_1_41' title="bbox 79 3832 871 3908; baseline 0.003 -19"><span class='ocrx_word' id='word_1_269' title='bbox 79 3832 206 3889; x_wconf 87' lang='lat' dir='ltr'>iectionis</span> <span class='ocrx_word' id='word_1_270' title='bbox 221 3833 341 3905; x_wconf 88' lang='lat' dir='ltr'>spondeo</span> <span class='ocrx_word' id='word_1_271' title='bbox 357 3850 363 3890; x_wconf 93' lang='lat'><strong>:</strong></span> <span class='ocrx_word' id='word_1_272' title='bbox 377 3848 426 3890; x_wconf 90' lang='lat' dir='ltr'>nee</span> <span class='ocrx_word' id='word_1_273' title='bbox 439 3832 555 3890; x_wconf 83' lang='lat' dir='ltr'>lutrarum</span> <span class='ocrx_word' id='word_1_274' title='bbox 572 3835 687 3903; x_wconf 85' lang='lat' dir='ltr'>ambigo,</span> <span class='ocrx_word' id='word_1_275' title='bbox 699 3835 871 3908; x_wconf 83' lang='lat' dir='ltr'>splendorem</span> 
     </span>
     <span class='ocr_line' id='line_1_42' title="bbox 81 3911 870 4001; baseline 0 -19"><span class='ocrx_word' id='word_1_276' title='bbox 81 3927 163 3983; x_wconf 90' lang='lat' dir='ltr'>teisti</span> <span class='ocrx_word' id='word_1_277' title='bbox 178 3911 289 3984; x_wconf 87' lang='lat' dir='ltr'>suorum</span> <span class='ocrx_word' id='word_1_278' title='bbox 310 3943 388 3997; x_wconf 89' lang='lat' dir='ltr'>posse</span> <span class='ocrx_word' id='word_1_279' title='bbox 403 3928 528 3997; x_wconf 89' lang='lat' dir='ltr'>reddere,</span> <span class='ocrx_word' id='word_1_280' title='bbox 551 3944 630 4001; x_wconf 90' lang='lat' dir='ltr'>quem</span> <span class='ocrx_word' id='word_1_281' title='bbox 646 3928 705 3983; x_wconf 85' lang='lat' dir='ltr'>aliis</span> <span class='ocrx_word' id='word_1_282' title='bbox 723 3927 870 3984; x_wconf 86' lang='lat' dir='ltr'>contulisti.</span> 
     </span>
     <span class='ocr_line' id='line_1_43' title="bbox 80 4015 872 4087; baseline 0.001 -15"><span class='ocrx_word' id='word_1_283' title='bbox 80 4015 174 4074; x_wconf 88' lang='lat' dir='ltr'>Potest</span> <span class='ocrx_word' id='word_1_284' title='bbox 193 4019 266 4075; x_wconf 91' lang='lat' dir='ltr'>enim</span> <span class='ocrx_word' id='word_1_285' title='bbox 281 4019 359 4078; x_wconf 80' lang='lat' dir='ltr'>tacite</span> <span class='ocrx_word' id='word_1_286' title='bbox 374 4029 492 4082; x_wconf 79' lang='lat' dir='ltr'>veterum</span> <span class='ocrx_word' id='word_1_287' title='bbox 504 4019 602 4076; x_wconf 80' lang='lat' dir='ltr'>decora</span> <span class='ocrx_word' id='word_1_288' title='bbox 616 4019 760 4087; x_wconf 85' lang='lat' dir='ltr'>suscitare,</span> <span class='ocrx_word' id='word_1_289' title='bbox 775 4020 817 4074; x_wconf 90' lang='lat' dir='ltr'>cai</span> <span class='ocrx_word' id='word_1_290' title='bbox 833 4019 872 4083; x_wconf 87' lang='lat' dir='ltr'>las</span> 
     </span>
     <span class='ocr_line' id='line_1_44' title="bbox 80 4095 872 4186; baseline 0.003 -22"><span class='ocrx_word' id='word_1_291' title='bbox 80 4120 120 4164; x_wconf 86' lang='lat' dir='ltr'>est</span> <span class='ocrx_word' id='word_1_292' title='bbox 136 4126 205 4165; x_wconf 89' lang='lat' dir='ltr'>nora</span> <span class='ocrx_word' id='word_1_293' title='bbox 220 4095 390 4186; x_wconf 73' lang='lat' dir='ltr'>construere.</span> <span class='ocrx_word' id='word_1_294' title='bbox 404 4110 463 4167; x_wconf 84' lang='lat' dir='ltr'>Noa</span> <span class='ocrx_word' id='word_1_295' title='bbox 478 4111 573 4168; x_wconf 90' lang='lat' dir='ltr'>credas</span> <span class='ocrx_word' id='word_1_296' title='bbox 589 4115 647 4169; x_wconf 77' lang='lat' dir='ltr'>naec</span> <span class='ocrx_word' id='word_1_297' title='bbox 661 4127 721 4166; x_wconf 86' lang='lat' dir='ltr'>csse</span> <span class='ocrx_word' id='word_1_298' title='bbox 736 4112 819 4166; x_wconf 92' lang='lat' dir='ltr'>solius</span> <span class='ocrx_word' id='word_1_299' title='bbox 832 4112 872 4166; x_wconf 93' lang='lat' dir='ltr'>in·</span> 
     </span>
     <span class='ocr_line' id='line_1_45' title="bbox 80 4200 872 4278; baseline -0.001 -23"><span class='ocrx_word' id='word_1_300' title='bbox 80 4200 225 4255; x_wconf 86' lang='lat' dir='ltr'>citamcma</span> <span class='ocrx_word' id='word_1_301' title='bbox 244 4200 382 4258; x_wconf 76' lang='lat' dir='ltr'>facundiae.</span> <span class='ocrx_word' id='word_1_302' title='bbox 394 4201 455 4258; x_wconf 81' lang='lat' dir='ltr'>Tibi</span> <span class='ocrx_word' id='word_1_303' title='bbox 469 4203 513 4256; x_wconf 91' lang='grc'>111</span> <span class='ocrx_word' id='word_1_304' title='bbox 529 4216 686 4278; x_wconf 77' lang='lat' dir='ltr'>correessum</span> <span class='ocrx_word' id='word_1_305' title='bbox 698 4212 750 4266; x_wconf 89' lang='lat' dir='ltr'>est,</span> <span class='ocrx_word' id='word_1_306' title='bbox 764 4202 872 4258; x_wconf 69' lang='lat' dir='ltr'>claritat-</span> 
     </span>
     <span class='ocr_line' id='line_1_46' title="bbox 80 4276 874 4364; baseline 0.005 -20"><span class='ocrx_word' id='word_1_307' title='bbox 80 4276 135 4345; x_wconf 81' lang='lat' dir='ltr'>tern</span> <span class='ocrx_word' id='word_1_308' title='bbox 152 4301 196 4345; x_wconf 87' lang='lat' dir='ltr'>aut</span> <span class='ocrx_word' id='word_1_309' title='bbox 221 4291 298 4359; x_wconf 86' lang='lat' dir='ltr'>darc,</span> <span class='ocrx_word' id='word_1_310' title='bbox 325 4300 371 4359; x_wconf 86' lang='lat' dir='ltr'>apt</span> <span class='ocrx_word' id='word_1_311' title='bbox 397 4307 524 4362; x_wconf 88' lang='lat' dir='ltr'>reparare</span> <span class='ocrx_word' id='word_1_312' title='bbox 550 4293 695 4364; x_wconf 79' lang='lat' dir='ltr'>majorum.</span> <span class='ocrx_word' id='word_1_313' title='bbox 714 4293 793 4349; x_wconf 86' lang='lat' dir='ltr'>Stant</span> <span class='ocrx_word' id='word_1_314' title='bbox 812 4301 874 4348; x_wconf 84' lang='lat' dir='ltr'>ante</span> 
     </span>
     <span class='ocr_line' id='line_1_47' title="bbox 80 4369 873 4457; baseline 0.015 -20"><span class='ocrx_word' id='word_1_315' title='bbox 80 4383 173 4457; x_wconf 82' lang='lat' dir='ltr'>ocrrlm</span> <span class='ocrx_word' id='word_1_316' title='bbox 189 4392 251 4438; x_wconf 94' lang='lat' dir='ltr'>tuos</span> <span class='ocrx_word' id='word_1_317' title='bbox 272 4369 442 4440; x_wconf 54' lang='lat' dir='ltr'>rtan&#39;aanosa</span> <span class='ocrx_word' id='word_1_318' title='bbox 458 4390 534 4456; x_wconf 91' lang='lat' dir='ltr'>pueri</span> <span class='ocrx_word' id='word_1_319' title='bbox 560 4397 745 4454; x_wconf 85' lang='lat' dir='ltr'>montrmeata,</span> <span class='ocrx_word' id='word_1_320' title='bbox 770 4389 816 4445; x_wconf 89' lang='lat' dir='ltr'>scd</span> <span class='ocrx_word' id='word_1_321' title='bbox 831 4403 873 4448; x_wconf 77' lang='lat' dir='ltr'>re·</span> 
     </span>
     <span class='ocr_line' id='line_1_48' title="bbox 80 4473 871 4545; baseline 0.009 -19"><span class='ocrx_word' id='word_1_322' title='bbox 80 4474 179 4528; x_wconf 87' lang='lat' dir='ltr'>centia.</span> <span class='ocrx_word' id='word_1_323' title='bbox 198 4473 324 4537; x_wconf 85' lang='lat' dir='ltr'>Peritiam</span> <span class='ocrx_word' id='word_1_324' title='bbox 345 4485 418 4532; x_wconf 91' lang='lat' dir='ltr'>tuam</span> <span class='ocrx_word' id='word_1_325' title='bbox 439 4476 573 4532; x_wconf 82' lang='lat' dir='ltr'>Firminus</span> <span class='ocrx_word' id='word_1_326' title='bbox 587 4486 615 4533; x_wconf 93' lang='lat' dir='ltr'>et</span> <span class='ocrx_word' id='word_1_327' title='bbox 635 4478 767 4545; x_wconf 86' lang='lat' dir='ltr'>Licerius,</span> <span class='ocrx_word' id='word_1_328' title='bbox 783 4477 871 4534; x_wconf 89' lang='lat' dir='ltr'>aetatis</span> 
     </span>
    </p>
   </div>
   <div class='ocr_carea' id='block_1_11' title="bbox 926 532 1750 1804">
    <p class='ocr_par' dir='ltr' id='par_1_12' title="bbox 927 532 1728 1618">
     <span class='ocr_line' id='line_1_49' title="bbox 937 532 1727 605; baseline 0.019 -18"><span class='ocrx_word' id='word_1_329' title='bbox 937 533 1023 589; x_wconf 92' lang='lat' dir='ltr'>liurus</span> <span class='ocrx_word' id='word_1_330' title='bbox 1036 532 1175 605; x_wconf 81' lang='lat' dir='ltr'>superabit</span> <span class='ocrx_word' id='word_1_331' title='bbox 1188 547 1215 593; x_wconf 94' lang='lat' dir='ltr'>et</span> <span class='ocrx_word' id='word_1_332' title='bbox 1226 539 1328 593; x_wconf 92' lang='lat' dir='ltr'>lolium.</span> <span class='ocrx_word' id='word_1_333' title='bbox 1343 539 1436 596; x_wconf 88' lang='lat' dir='ltr'>llunus</span> <span class='ocrx_word' id='word_1_334' title='bbox 1450 540 1597 597; x_wconf 87' lang='lat' dir='ltr'>Palladium</span> <span class='ocrx_word' id='word_1_335' title='bbox 1614 553 1641 599; x_wconf 88' lang='lat' dir='ltr'>ct</span> <span class='ocrx_word' id='word_1_336' title='bbox 1659 557 1727 604; x_wconf 85' lang='lat' dir='ltr'>carra</span> 
     </span>
     <span class='ocr_line' id='line_1_50' title="bbox 933 622 1728 704; baseline 0.019 -26"><span class='ocrx_word' id='word_1_337' title='bbox 933 639 1046 681; x_wconf 92' lang='lat' dir='ltr'>nemora</span> <span class='ocrx_word' id='word_1_338' title='bbox 1084 627 1173 683; x_wconf 86' lang='lat' dir='ltr'>baccis</span> <span class='ocrx_word' id='word_1_339' title='bbox 1199 630 1320 699; x_wconf 89' lang='lat' dir='ltr'>plurimis</span> <span class='ocrx_word' id='word_1_340' title='bbox 1342 622 1445 687; x_wconf 87' lang='lat' dir='ltr'>cultura</span> <span class='ocrx_word' id='word_1_341' title='bbox 1474 636 1625 704; x_wconf 89' lang='lat' dir='ltr'>locupletat.</span> <span class='ocrx_word' id='word_1_342' title='bbox 1652 637 1728 694; x_wconf 89' lang='lat' dir='ltr'>ludia</span> 
     </span>
     <span class='ocr_line' id='line_1_51' title="bbox 932 713 1726 791; baseline 0.019 -22"><span class='ocrx_word' id='word_1_343' title='bbox 932 717 1018 771; x_wconf 91' lang='lat' dir='ltr'>multo</span> <span class='ocrx_word' id='word_1_344' title='bbox 1033 713 1199 788; x_wconf 85' lang='lat' dir='ltr'>sudoreque</span> <span class='ocrx_word' id='word_1_345' title='bbox 1221 735 1250 776; x_wconf 91' lang='lat' dir='ltr'>se</span> <span class='ocrx_word' id='word_1_346' title='bbox 1272 722 1356 791; x_wconf 78' lang='lat' dir='ltr'>jactat</span> <span class='ocrx_word' id='word_1_347' title='bbox 1384 722 1517 778; x_wconf 89' lang='lat' dir='ltr'>lrebenum</span> <span class='ocrx_word' id='word_1_348' title='bbox 1531 726 1623 781; x_wconf 90' lang='lat' dir='ltr'>nutrit.</span> <span class='ocrx_word' id='word_1_349' title='bbox 1636 727 1726 784; x_wconf 76' lang='lat' dir='ltr'>Sabaei</span> 
     </span>
     <span class='ocr_line' id='line_1_52' title="bbox 931 804 1726 885; baseline 0.015 -24"><span class='ocrx_word' id='word_1_350' title='bbox 931 808 1004 877; x_wconf 83' lang='lat' dir='ltr'>uirga</span> <span class='ocrx_word' id='word_1_351' title='bbox 1020 810 1133 878; x_wconf 90' lang='lat' dir='ltr'>cespitis</span> <span class='ocrx_word' id='word_1_352' title='bbox 1152 825 1231 865; x_wconf 90' lang='lat' dir='ltr'>manu</span> <span class='ocrx_word' id='word_1_353' title='bbox 1245 821 1371 867; x_wconf 85' lang='lat' dir='ltr'>cessante</span> <span class='ocrx_word' id='word_1_354' title='bbox 1389 829 1442 868; x_wconf 94' lang='lat' dir='ltr'>non</span> <span class='ocrx_word' id='word_1_355' title='bbox 1457 804 1575 885; x_wconf 86' lang='lat' dir='ltr'>proiicit.</span> <span class='ocrx_word' id='word_1_356' title='bbox 1590 815 1726 876; x_wconf 88' lang='lat' dir='ltr'>industria</span> 
     </span>
     <span class='ocr_line' id='line_1_53' title="bbox 931 894 1722 978; baseline 0.014 -25"><span class='ocrx_word' id='word_1_357' title='bbox 931 897 1005 966; x_wconf 88' lang='lat' dir='ltr'>iecit,</span> <span class='ocrx_word' id='word_1_358' title='bbox 1029 901 1100 969; x_wconf 92' lang='lat' dir='ltr'>quod</span> <span class='ocrx_word' id='word_1_359' title='bbox 1124 903 1284 959; x_wconf 86' lang='lat' dir='ltr'>Praestaneis</span> <span class='ocrx_word' id='word_1_360' title='bbox 1306 918 1381 959; x_wconf 91' lang='lat' dir='ltr'>rosas</span> <span class='ocrx_word' id='word_1_361' title='bbox 1405 907 1513 961; x_wconf 91' lang='lat' dir='ltr'>dumeta</span> <span class='ocrx_word' id='word_1_362' title='bbox 1539 894 1722 978; x_wconf 68' lang='lat' dir='ltr'>pepererunt}</span> 
     </span>
     <span class='ocr_line' id='line_1_54' title="bbox 930 990 1722 1071; baseline 0.016 -27"><span class='ocrx_word' id='word_1_363' title='bbox 930 1008 997 1062; x_wconf 88' lang='lat' dir='ltr'>qaas</span> <span class='ocrx_word' id='word_1_364' title='bbox 1012 994 1045 1048; x_wconf 93' lang='lat' dir='ltr'>de</span> <span class='ocrx_word' id='word_1_365' title='bbox 1060 994 1156 1064; x_wconf 86' lang='lat' dir='ltr'>spinis,</span> <span class='ocrx_word' id='word_1_366' title='bbox 1169 1011 1218 1051; x_wconf 90' lang='lat' dir='ltr'>eeu</span> <span class='ocrx_word' id='word_1_367' title='bbox 1233 1005 1312 1052; x_wconf 83' lang='lat' dir='ltr'>terrae</span> <span class='ocrx_word' id='word_1_368' title='bbox 1323 997 1423 1065; x_wconf 82' lang='lat' dir='ltr'>sidem,</span> <span class='ocrx_word' id='word_1_369' title='bbox 1445 996 1522 1054; x_wconf 90' lang='lat' dir='ltr'>labor</span> <span class='ocrx_word' id='word_1_370' title='bbox 1536 1000 1629 1071; x_wconf 88' lang='lat' dir='ltr'>exigit.</span> <span class='ocrx_word' id='word_1_371' title='bbox 1645 990 1722 1057; x_wconf 81' lang='lat' dir='ltr'>Felix&#39;</span> 
     </span>
     <span class='ocr_line' id='line_1_55' title="bbox 930 1081 1722 1161; baseline 0.008 -19"><span class='ocrx_word' id='word_1_372' title='bbox 930 1097 971 1142; x_wconf 90' lang='lat' dir='ltr'>est</span> <span class='ocrx_word' id='word_1_373' title='bbox 982 1089 1119 1157; x_wconf 88' lang='lat' dir='ltr'>operantis</span> <span class='ocrx_word' id='word_1_374' title='bbox 1134 1081 1271 1156; x_wconf 73' lang='lat' dir='ltr'>instantia,</span> <span class='ocrx_word' id='word_1_375' title='bbox 1283 1091 1408 1160; x_wconf 92' lang='lat' dir='ltr'>quotiens</span> <span class='ocrx_word' id='word_1_376' title='bbox 1418 1090 1503 1161; x_wconf 79' lang='lat' dir='ltr'>glebis</span> <span class='ocrx_word' id='word_1_377' title='bbox 1516 1090 1646 1148; x_wconf 86' lang='lat' dir='ltr'>uberibus</span> <span class='ocrx_word' id='word_1_378' title='bbox 1661 1081 1722 1148; x_wconf 65' lang='lat' dir='ltr'>mass</span> 
     </span>
     <span class='ocr_line' id='line_1_56' title="bbox 929 1178 1722 1241; baseline 0.011 -10"><span class='ocrx_word' id='word_1_379' title='bbox 929 1191 980 1232; x_wconf 90' lang='lat' dir='ltr'>nus</span> <span class='ocrx_word' id='word_1_380' title='bbox 993 1178 1145 1233; x_wconf 79' lang='lat' dir='ltr'>adhibetur.</span> <span class='ocrx_word' id='word_1_381' title='bbox 1158 1179 1233 1235; x_wconf 86' lang='lat' dir='ltr'>Tunc</span> <span class='ocrx_word' id='word_1_382' title='bbox 1248 1179 1320 1236; x_wconf 89' lang='lat' dir='ltr'>lessa</span> <span class='ocrx_word' id='word_1_383' title='bbox 1335 1181 1443 1236; x_wconf 87' lang='lat' dir='ltr'>brachia</span> <span class='ocrx_word' id='word_1_384' title='bbox 1455 1196 1535 1238; x_wconf 87' lang='lat' dir='ltr'>succo</span> <span class='ocrx_word' id='word_1_385' title='bbox 1545 1181 1638 1239; x_wconf 83' lang='lat' dir='ltr'>edissae</span> <span class='ocrx_word' id='word_1_386' title='bbox 1648 1185 1722 1241; x_wconf 85' lang='lat' dir='ltr'>rale-</span> 
     </span>
     <span class='ocr_line' id='line_1_57' title="bbox 929 1270 1720 1343; baseline 0.009 -20"><span class='ocrx_word' id='word_1_387' title='bbox 929 1270 1028 1324; x_wconf 87' lang='lat' dir='ltr'>tudiais</span> <span class='ocrx_word' id='word_1_388' title='bbox 1043 1272 1234 1336; x_wconf 87' lang='lat' dir='ltr'>intumescunt,</span> <span class='ocrx_word' id='word_1_389' title='bbox 1251 1271 1358 1341; x_wconf 87' lang='lat' dir='ltr'>quando</span> <span class='ocrx_word' id='word_1_390' title='bbox 1373 1276 1508 1343; x_wconf 88' lang='lat' dir='ltr'>integrum</span> <span class='ocrx_word' id='word_1_391' title='bbox 1523 1273 1600 1331; x_wconf 90' lang='lat' dir='ltr'>lerrus</span> <span class='ocrx_word' id='word_1_392' title='bbox 1613 1275 1720 1332; x_wconf 88' lang='lat' dir='ltr'>rurico-</span> 
     </span>
     <span class='ocr_line' id='line_1_58' title="bbox 928 1359 1721 1420; baseline 0.01 -8"><span class='ocrx_word' id='word_1_393' title='bbox 928 1359 962 1413; x_wconf 93' lang='lat' dir='ltr'>lis</span> <span class='ocrx_word' id='word_1_394' title='bbox 973 1374 1038 1413; x_wconf 87' lang='lat' dir='ltr'>arra</span> <span class='ocrx_word' id='word_1_395' title='bbox 1050 1359 1203 1414; x_wconf 79' lang='lat' dir='ltr'>dissolvunt</span> <span class='ocrx_word' id='word_1_396' title='bbox 1220 1362 1360 1416; x_wconf 88' lang='lat' dir='ltr'>:nascitur</span> <span class='ocrx_word' id='word_1_397' title='bbox 1374 1362 1496 1418; x_wconf 89' lang='lat' dir='ltr'>exercitii</span> <span class='ocrx_word' id='word_1_398' title='bbox 1513 1363 1677 1420; x_wconf 87' lang='lat' dir='ltr'>desiderium</span> <span class='ocrx_word' id='word_1_399' title='bbox 1686 1364 1721 1420; x_wconf 93' lang='lat' dir='ltr'>de</span> 
     </span>
     <span class='ocr_line' id='line_1_59' title="bbox 927 1445 1717 1523; baseline 0.006 -18"><span class='ocrx_word' id='word_1_400' title='bbox 927 1448 1064 1505; x_wconf 88' lang='lat' dir='ltr'>lertilitate</span> <span class='ocrx_word' id='word_1_401' title='bbox 1085 1451 1207 1506; x_wconf 88' lang='lat' dir='ltr'>telluris:</span> <span class='ocrx_word' id='word_1_402' title='bbox 1222 1445 1376 1507; x_wconf 86' lang='lat' dir='ltr'>vomeribus</span> <span class='ocrx_word' id='word_1_403' title='bbox 1396 1453 1527 1523; x_wconf 86' lang='lat' dir='ltr'>agendum</span> <span class='ocrx_word' id='word_1_404' title='bbox 1552 1446 1604 1521; x_wconf 82' lang='lat' dir='ltr'>es&#39;t,</span> <span class='ocrx_word' id='word_1_405' title='bbox 1619 1466 1649 1508; x_wconf 90' lang='lat' dir='ltr'>nt</span> <span class='ocrx_word' id='word_1_406' title='bbox 1665 1469 1717 1523; x_wconf 91' lang='lat' dir='ltr'>per</span> 
     </span>
     <span class='ocr_line' id='line_1_60' title="bbox 927 1545 1721 1618; baseline 0.008 -21"><span class='ocrx_word' id='word_1_407' title='bbox 927 1545 1050 1614; x_wconf 85' lang='lat' dir='ltr'>palmites</span> <span class='ocrx_word' id='word_1_408' title='bbox 1074 1546 1205 1601; x_wconf 84' lang='lat' dir='ltr'>exuberet</span> <span class='ocrx_word' id='word_1_409' title='bbox 1217 1545 1267 1601; x_wconf 90' lang='lat' dir='ltr'>dos</span> <span class='ocrx_word' id='word_1_410' title='bbox 1282 1547 1415 1601; x_wconf 92' lang='lat' dir='ltr'>autumni.</span> <span class='ocrx_word' id='word_1_411' title='bbox 1431 1546 1574 1617; x_wconf 81' lang='lat' dir='ltr'>Nunquam</span> <span class='ocrx_word' id='word_1_412' title='bbox 1589 1561 1721 1618; x_wconf 88' lang='lat' dir='ltr'>spuman-</span> 
     </span>
    </p>

    <p class='ocr_par' dir='ltr' id='par_1_13' title="bbox 926 1623 1750 1804">
     <span class='ocr_line' id='line_1_61' title="bbox 927 1623 1750 1710; baseline 0.007 -19"><span class='ocrx_word' id='word_1_413' title='bbox 927 1637 962 1692; x_wconf 87' lang='lat' dir='ltr'>tia</span> <span class='ocrx_word' id='word_1_414' title='bbox 978 1638 1059 1694; x_wconf 90' lang='lat' dir='ltr'>labris</span> <span class='ocrx_word' id='word_1_415' title='bbox 1086 1649 1173 1694; x_wconf 91' lang='lat' dir='ltr'>musta</span> <span class='ocrx_word' id='word_1_416' title='bbox 1194 1640 1301 1705; x_wconf 88' lang='lat' dir='ltr'>meruit,</span> <span class='ocrx_word' id='word_1_417' title='bbox 1322 1642 1373 1696; x_wconf 90' lang='lat' dir='ltr'>nisi</span> <span class='ocrx_word' id='word_1_418' title='bbox 1394 1643 1440 1710; x_wconf 94' lang='lat' dir='ltr'>qui</span> <span class='ocrx_word' id='word_1_419' title='bbox 1463 1641 1558 1697; x_wconf 85' lang='lat' dir='ltr'>sitiunt</span> <span class='ocrx_word' id='word_1_420' title='bbox 1583 1642 1719 1697; x_wconf 84' lang='lat' dir='ltr'>luxurient</span> <span class='ocrx_word' id='word_1_421' title='bbox 1744 1623 1750 1633; x_wconf 48' lang='lat'>⁸</span> 
     </span>
     <span class='ocr_line' id='line_1_62' title="bbox 926 1728 1720 1804; baseline 0.006 -19"><span class='ocrx_word' id='word_1_422' title='bbox 926 1745 1007 1785; x_wconf 87' lang='lat' dir='ltr'>curra</span> <span class='ocrx_word' id='word_1_423' title='bbox 1031 1731 1097 1787; x_wconf 88' lang='lat' dir='ltr'>ialce</span> <span class='ocrx_word' id='word_1_424' title='bbox 1117 1735 1252 1788; x_wconf 88' lang='lat' dir='ltr'>resecarit</span> <span class='ocrx_word' id='word_1_425' title='bbox 1264 1728 1312 1788; x_wconf 89' lang='lat' dir='ltr'>:&#39;et</span> <span class='ocrx_word' id='word_1_426' title='bbox 1337 1735 1363 1788; x_wconf 95' lang='lat' dir='ltr'>in</span> <span class='ocrx_word' id='word_1_427' title='bbox 1390 1733 1505 1789; x_wconf 88' lang='lat' dir='ltr'>dirersis</span> <span class='ocrx_word' id='word_1_428' title='bbox 1524 1734 1641 1789; x_wconf 90' lang='lat' dir='ltr'>cultibus</span> <span class='ocrx_word' id='word_1_429' title='bbox 1660 1735 1720 1804; x_wconf 89' lang='lat' dir='ltr'>plus</span> 
     </span>
    </p>
   </div>
   <div class='ocr_carea' id='block_1_12' title="bbox 888 1821 1720 1893">
    <p class='ocr_par' dir='ltr' id='par_1_14' title="bbox 888 1821 1720 1893">
     <span class='ocr_line' id='line_1_63' title="bbox 888 1821 1720 1893; baseline 0.005 -20"><span class='ocrx_word' id='word_1_430' title='bbox 888 1821 1005 1890; x_wconf 74' lang='lat' dir='ltr'>qurara</span> <span class='ocrx_word' id='word_1_431' title='bbox 1019 1822 1073 1875; x_wconf 86' lang='lat' dir='ltr'>siai</span> <span class='ocrx_word' id='word_1_432' title='bbox 1095 1824 1244 1891; x_wconf 91' lang='lat' dir='ltr'>acciperet,</span> <span class='ocrx_word' id='word_1_433' title='bbox 1265 1823 1379 1893; x_wconf 90' lang='lat' dir='ltr'>liquoris</span> <span class='ocrx_word' id='word_1_434' title='bbox 1399 1823 1503 1878; x_wconf 88' lang='lat' dir='ltr'>eliudit.</span> <span class='ocrx_word' id='word_1_435' title='bbox 1520 1823 1592 1877; x_wconf 87' lang='lat' dir='ltr'>Talis</span> <span class='ocrx_word' id='word_1_436' title='bbox 1614 1833 1656 1878; x_wconf 92' lang='lat' dir='ltr'>est</span> <span class='ocrx_word' id='word_1_437' title='bbox 1672 1837 1720 1877; x_wconf 90' lang='lat' dir='ltr'>na·</span> 
     </span>
    </p>
   </div>
   <div class='ocr_carea' id='block_1_13' title="bbox 922 1914 1720 3170">
    <p class='ocr_par' dir='ltr' id='par_1_15' title="bbox 922 1914 1720 3170">
     <span class='ocr_line' id='line_1_64' title="bbox 928 1914 1720 1986; baseline 0.003 -19"><span class='ocrx_word' id='word_1_438' title='bbox 928 1922 985 1968; x_wconf 89' lang='lat' dir='ltr'>tura</span> <span class='ocrx_word' id='word_1_439' title='bbox 1010 1915 1162 1968; x_wconf 89' lang='lat' dir='ltr'>mortalium</span> <span class='ocrx_word' id='word_1_440' title='bbox 1185 1916 1265 1970; x_wconf 90' lang='lat' dir='ltr'>:rite</span> <span class='ocrx_word' id='word_1_441' title='bbox 1289 1924 1483 1986; x_wconf 80' lang='lat' dir='ltr'>deturparentur</span> <span class='ocrx_word' id='word_1_442' title='bbox 1505 1916 1624 1970; x_wconf 87' lang='lat' dir='ltr'>arbustis</span> <span class='ocrx_word' id='word_1_443' title='bbox 1644 1914 1720 1969; x_wconf 91' lang='lat' dir='ltr'>rudi·</span> 
     </span>
     <span class='ocr_line' id='line_1_65' title="bbox 926 2004 1720 2077; baseline 0.004 -19"><span class='ocrx_word' id='word_1_444' title='bbox 926 2016 1016 2059; x_wconf 86' lang='lat' dir='ltr'>menta</span> <span class='ocrx_word' id='word_1_445' title='bbox 1030 2004 1215 2074; x_wconf 86' lang='lat' dir='ltr'>paruulorum.</span> <span class='ocrx_word' id='word_1_446' title='bbox 1233 2005 1307 2073; x_wconf 85' lang='lat' dir='ltr'>Quos</span> <span class='ocrx_word' id='word_1_447' title='bbox 1321 2016 1463 2077; x_wconf 89' lang='lat' dir='ltr'>postquam</span> <span class='ocrx_word' id='word_1_448' title='bbox 1485 2014 1628 2075; x_wconf 87' lang='lat' dir='ltr'>parentum</span> <span class='ocrx_word' id='word_1_449' title='bbox 1644 2004 1720 2061; x_wconf 92' lang='lat' dir='ltr'>solli·</span> 
     </span>
     <span class='ocr_line' id='line_1_66' title="bbox 924 2096 1720 2169; baseline 0.004 -19"><span class='ocrx_word' id='word_1_450' title='bbox 924 2096 1015 2150; x_wconf 90' lang='lat' dir='ltr'>citudo</span> <span class='ocrx_word' id='word_1_451' title='bbox 1035 2111 1050 2150; x_wconf 89' lang='lat' dir='ltr'>a</span> <span class='ocrx_word' id='word_1_452' title='bbox 1072 2098 1166 2152; x_wconf 80' lang='lat' dir='ltr'>aratris</span> <span class='ocrx_word' id='word_1_453' title='bbox 1188 2097 1280 2153; x_wconf 91' lang='lat' dir='ltr'>radice</span> <span class='ocrx_word' id='word_1_454' title='bbox 1304 2098 1450 2168; x_wconf 88' lang='lat' dir='ltr'>decerpsit,</span> <span class='ocrx_word' id='word_1_455' title='bbox 1469 2098 1663 2169; x_wconf 91' lang='lat' dir='ltr'>providendum</span> <span class='ocrx_word' id='word_1_456' title='bbox 1677 2105 1720 2153; x_wconf 91' lang='lat' dir='ltr'>est</span> 
     </span>
     <span class='ocr_line' id='line_1_67' title="bbox 925 2184 1719 2256; baseline 0.005 -15"><span class='ocrx_word' id='word_1_457' title='bbox 925 2190 966 2241; x_wconf 86' lang='lat' dir='ltr'>cui</span> <span class='ocrx_word' id='word_1_458' title='bbox 982 2189 1040 2243; x_wconf 83' lang='lat' dir='ltr'>solo</span> <span class='ocrx_word' id='word_1_459' title='bbox 1050 2186 1125 2256; x_wconf 77' lang='lat' dir='ltr'>iaxta</span> <span class='ocrx_word' id='word_1_460' title='bbox 1141 2198 1203 2241; x_wconf 86' lang='lat' dir='ltr'>rota</span> <span class='ocrx_word' id='word_1_461' title='bbox 1222 2188 1406 2246; x_wconf 88' lang='lat' dir='ltr'>commendet.</span> <span class='ocrx_word' id='word_1_462' title='bbox 1420 2184 1485 2244; x_wconf 75' lang='lat' dir='ltr'>Post</span> <span class='ocrx_word' id='word_1_463' title='bbox 1495 2188 1719 2245; x_wconf 87' lang='lat' dir='ltr'>deliberationem</span> 
     </span>
     <span class='ocr_line' id='line_1_68' title="bbox 924 2274 1718 2347; baseline 0.005 -16"><span class='ocrx_word' id='word_1_464' title='bbox 924 2278 1081 2333; x_wconf 88' lang='lat' dir='ltr'>doctoribus</span> <span class='ocrx_word' id='word_1_465' title='bbox 1093 2279 1155 2347; x_wconf 84' lang='lat' dir='ltr'>jura</span> <span class='ocrx_word' id='word_1_466' title='bbox 1171 2291 1262 2334; x_wconf 92' lang='lat' dir='ltr'>nostra</span> <span class='ocrx_word' id='word_1_467' title='bbox 1276 2277 1490 2339; x_wconf 81' lang='lat' dir='ltr'>transcribimus.</span> <span class='ocrx_word' id='word_1_468' title='bbox 1502 2274 1577 2336; x_wconf 73' lang='lat' dir='ltr'>&#39;lune</span> <span class='ocrx_word' id='word_1_469' title='bbox 1589 2281 1657 2335; x_wconf 86' lang='lat' dir='ltr'>liunt</span> <span class='ocrx_word' id='word_1_470' title='bbox 1674 2281 1718 2335; x_wconf 90' lang='lat' dir='ltr'>in·</span> 
     </span>
     <span class='ocr_line' id='line_1_69' title="bbox 924 2370 1717 2440; baseline 0.006 -16"><span class='ocrx_word' id='word_1_471' title='bbox 924 2370 1062 2426; x_wconf 87' lang='lat' dir='ltr'>stitutione</span> <span class='ocrx_word' id='word_1_472' title='bbox 1084 2371 1184 2438; x_wconf 86' lang='lat' dir='ltr'>vestri,</span> <span class='ocrx_word' id='word_1_473' title='bbox 1207 2387 1276 2440; x_wconf 88' lang='lat' dir='ltr'>qnos</span> <span class='ocrx_word' id='word_1_474' title='bbox 1301 2374 1378 2428; x_wconf 80' lang='lat' dir='ltr'>nobis</span> <span class='ocrx_word' id='word_1_475' title='bbox 1399 2381 1495 2428; x_wconf 84' lang='lat' dir='ltr'>natura</span> <span class='ocrx_word' id='word_1_476' title='bbox 1523 2373 1717 2430; x_wconf 74' lang='lat' dir='ltr'>consumma</span> 
     </span>
     <span class='ocr_line' id='line_1_70' title="bbox 924 2463 1716 2533; baseline 0.004 -17"><span class='ocrx_word' id='word_1_477' title='bbox 924 2470 988 2517; x_wconf 94' lang='lat' dir='ltr'>tunc</span> <span class='ocrx_word' id='word_1_478' title='bbox 1010 2463 1104 2533; x_wconf 87' lang='lat' dir='ltr'>incipit</span> <span class='ocrx_word' id='word_1_479' title='bbox 1118 2465 1170 2517; x_wconf 88' lang='lat' dir='ltr'>sibi</span> <span class='ocrx_word' id='word_1_480' title='bbox 1192 2473 1296 2518; x_wconf 89' lang='lat' dir='ltr'>tantunt</span> <span class='ocrx_word' id='word_1_481' title='bbox 1312 2464 1462 2521; x_wconf 91' lang='lat' dir='ltr'>studiorum</span> <span class='ocrx_word' id='word_1_482' title='bbox 1483 2464 1547 2520; x_wconf 85' lang='lat' dir='ltr'>lima</span> <span class='ocrx_word' id='word_1_483' title='bbox 1563 2465 1716 2531; x_wconf 81' lang='lat' dir='ltr'>¹vindicare,</span> 
     </span>
     <span class='ocr_line' id='line_1_71' title="bbox 924 2556 1717 2627; baseline 0 -17"><span class='ocrx_word' id='word_1_484' title='bbox 924 2562 1051 2624; x_wconf 89' lang='lat' dir='ltr'>quantum</span> <span class='ocrx_word' id='word_1_485' title='bbox 1066 2556 1142 2625; x_wconf 90' lang='lat' dir='ltr'>origo</span> <span class='ocrx_word' id='word_1_486' title='bbox 1164 2556 1208 2611; x_wconf 85' lang='lat' dir='ltr'>rix</span> <span class='ocrx_word' id='word_1_487' title='bbox 1232 2557 1457 2627; x_wconf 79' lang='lat' dir='ltr'>praeralct.=l?eae</span> <span class='ocrx_word' id='word_1_488' title='bbox 1479 2557 1552 2612; x_wconf 89' lang='lat' dir='ltr'>enim</span> <span class='ocrx_word' id='word_1_489' title='bbox 1567 2570 1620 2611; x_wconf 95' lang='lat' dir='ltr'>non</span> <span class='ocrx_word' id='word_1_490' title='bbox 1644 2557 1717 2621; x_wconf 83' lang='lat' dir='ltr'>inju-</span> 
     </span>
     <span class='ocr_line' id='line_1_72' title="bbox 923 2648 1718 2720; baseline 0.005 -18"><span class='ocrx_word' id='word_1_491' title='bbox 923 2648 992 2703; x_wconf 90' lang='lat' dir='ltr'>rium</span> <span class='ocrx_word' id='word_1_492' title='bbox 1007 2656 1058 2713; x_wconf 89' lang='lat' dir='ltr'>est,</span> <span class='ocrx_word' id='word_1_493' title='bbox 1076 2648 1145 2705; x_wconf 84' lang='lat' dir='ltr'>vinci</span> <span class='ocrx_word' id='word_1_494' title='bbox 1162 2650 1321 2718; x_wconf 86' lang='lat' dir='ltr'>prosapiem</span> <span class='ocrx_word' id='word_1_495' title='bbox 1333 2650 1480 2706; x_wconf 84' lang='lat' dir='ltr'>collatione</span> <span class='ocrx_word' id='word_1_496' title='bbox 1493 2650 1623 2707; x_wconf 79' lang='lat' dir='ltr'>doetrinae</span> <span class='ocrx_word' id='word_1_497' title='bbox 1635 2667 1642 2703; x_wconf 79' lang='lat' dir='ltr'>r</span> <span class='ocrx_word' id='word_1_498' title='bbox 1654 2652 1718 2720; x_wconf 85' lang='lat' dir='ltr'>quis</span> 
     </span>
     <span class='ocr_line' id='line_1_73' title="bbox 924 2737 1718 2811; baseline 0.006 -22"><span class='ocrx_word' id='word_1_499' title='bbox 924 2737 1008 2805; x_wconf 90' lang='lat' dir='ltr'>patris</span> <span class='ocrx_word' id='word_1_500' title='bbox 1023 2738 1139 2811; x_wconf 88' lang='lat' dir='ltr'>ollicium</span> <span class='ocrx_word' id='word_1_501' title='bbox 1162 2737 1242 2795; x_wconf 88' lang='lat' dir='ltr'>babet</span> <span class='ocrx_word' id='word_1_502' title='bbox 1263 2739 1395 2795; x_wconf 79' lang='lat' dir='ltr'>luxuriem</span> <span class='ocrx_word' id='word_1_503' title='bbox 1417 2740 1718 2810; x_wconf 78' lang='lat' dir='ltr'>comitem3ptsccepto·</span> 
     </span>
     <span class='ocr_line' id='line_1_74' title="bbox 922 2828 1717 2899; baseline -0.001 -15"><span class='ocrx_word' id='word_1_504' title='bbox 922 2829 970 2893; x_wconf 88' lang='lat' dir='ltr'>ris,</span> <span class='ocrx_word' id='word_1_505' title='bbox 988 2828 1198 2884; x_wconf 89' lang='lat' dir='ltr'>sollicitudinem</span> <span class='ocrx_word' id='word_1_506' title='bbox 1214 2831 1338 2899; x_wconf 87' lang='lat' dir='ltr'>:genitor</span> <span class='ocrx_word' id='word_1_507' title='bbox 1351 2831 1380 2885; x_wconf 92' lang='lat' dir='ltr'>lit</span> <span class='ocrx_word' id='word_1_508' title='bbox 1392 2831 1506 2899; x_wconf 86' lang='lat' dir='ltr'>deliciis,</span> <span class='ocrx_word' id='word_1_509' title='bbox 1525 2832 1662 2885; x_wconf 92' lang='lat' dir='ltr'>institutor</span> <span class='ocrx_word' id='word_1_510' title='bbox 1677 2828 1717 2883; x_wconf 92' lang='lat' dir='ltr'>la·</span> 
     </span>
     <span class='ocr_line' id='line_1_75' title="bbox 922 2920 1716 2992; baseline 0.003 -16"><span class='ocrx_word' id='word_1_511' title='bbox 922 2920 1035 2978; x_wconf 83' lang='lat' dir='ltr'>boribus</span> <span class='ocrx_word' id='word_1_512' title='bbox 1047 2940 1054 2975; x_wconf 80' lang='lat' dir='ltr'>r</span> <span class='ocrx_word' id='word_1_513' title='bbox 1067 2923 1218 2978; x_wconf 86' lang='lat' dir='ltr'>libertatem</span> <span class='ocrx_word' id='word_1_514' title='bbox 1240 2925 1317 2990; x_wconf 88' lang='lat' dir='ltr'>origo</span> <span class='ocrx_word' id='word_1_515' title='bbox 1341 2925 1444 2989; x_wconf 90' lang='lat' dir='ltr'>tribuit,</span> <span class='ocrx_word' id='word_1_516' title='bbox 1467 2923 1576 2992; x_wconf 92' lang='lat' dir='ltr'>dignum</span> <span class='ocrx_word' id='word_1_517' title='bbox 1592 2924 1716 2979; x_wconf 83' lang='lat' dir='ltr'>libertate</span> 
     </span>
     <span class='ocr_line' id='line_1_76' title="bbox 922 3012 1715 3083; baseline 0.003 -18"><span class='ocrx_word' id='word_1_518' title='bbox 922 3013 1039 3066; x_wconf 91' lang='lat' dir='ltr'>monitor</span> <span class='ocrx_word' id='word_1_519' title='bbox 1051 3013 1122 3067; x_wconf 86' lang='lat' dir='ltr'>iacit.</span> <span class='ocrx_word' id='word_1_520' title='bbox 1140 3013 1210 3080; x_wconf 84' lang='lat' dir='ltr'>lirgo</span> <span class='ocrx_word' id='word_1_521' title='bbox 1224 3014 1310 3081; x_wconf 89' lang='lat' dir='ltr'>magis</span> <span class='ocrx_word' id='word_1_522' title='bbox 1326 3023 1445 3068; x_wconf 87' lang='lat' dir='ltr'>restrum</span> <span class='ocrx_word' id='word_1_523' title='bbox 1460 3026 1511 3077; x_wconf 93' lang='lat' dir='ltr'>est,</span> <span class='ocrx_word' id='word_1_524' title='bbox 1526 3012 1596 3083; x_wconf 94' lang='lat' dir='ltr'>quod</span> <span class='ocrx_word' id='word_1_525' title='bbox 1619 3013 1715 3067; x_wconf 89' lang='lat' dir='ltr'>lauda·</span> 
     </span>
     <span class='ocr_line' id='line_1_77' title="bbox 922 3103 1715 3170; baseline 0.004 -13"><span class='ocrx_word' id='word_1_526' title='bbox 922 3113 965 3157; x_wconf 94' lang='lat' dir='ltr'>tur</span> <span class='ocrx_word' id='word_1_527' title='bbox 986 3103 1013 3157; x_wconf 90' lang='lat' dir='ltr'>in</span> <span class='ocrx_word' id='word_1_528' title='bbox 1035 3103 1146 3163; x_wconf 89' lang='lat' dir='ltr'>bomine</span> <span class='ocrx_word' id='word_1_529' title='bbox 1163 3121 1169 3161; x_wconf 93' lang='lat'><strong>:</strong></span> <span class='ocrx_word' id='word_1_530' title='bbox 1184 3119 1264 3160; x_wconf 89' lang='lat' dir='ltr'>acmo</span> <span class='ocrx_word' id='word_1_531' title='bbox 1284 3104 1370 3170; x_wconf 86' lang='lat' dir='ltr'>enisu,</span> <span class='ocrx_word' id='word_1_532' title='bbox 1392 3106 1415 3160; x_wconf 90' lang='lat' dir='ltr'>si</span> <span class='ocrx_word' id='word_1_533' title='bbox 1437 3105 1508 3160; x_wconf 85' lang='lat' dir='ltr'>desit</span> <span class='ocrx_word' id='word_1_534' title='bbox 1530 3105 1715 3160; x_wconf 90' lang='lat' dir='ltr'>testimonium</span> 
     </span>
    </p>
   </div>
   <div class='ocr_carea' id='block_1_14' title="bbox 921 3284 1720 4548">
    <p class='ocr_par' dir='ltr' id='par_1_16' title="bbox 921 3284 1720 4548">
     <span class='ocr_line' id='line_1_78' title="bbox 922 3284 1716 3356; baseline 0.003 -16"><span class='ocrx_word' id='word_1_535' title='bbox 922 3286 1016 3347; x_wconf 90' lang='lat' dir='ltr'>dorem</span> <span class='ocrx_word' id='word_1_536' title='bbox 1045 3284 1155 3342; x_wconf 78' lang='lat' dir='ltr'>Familiae</span> <span class='ocrx_word' id='word_1_537' title='bbox 1180 3286 1269 3356; x_wconf 93' lang='lat' dir='ltr'>prodit</span> <span class='ocrx_word' id='word_1_538' title='bbox 1292 3287 1400 3356; x_wconf 88' lang='lat' dir='ltr'>lingua,</span> <span class='ocrx_word' id='word_1_539' title='bbox 1428 3302 1509 3355; x_wconf 92' lang='lat' dir='ltr'>quarn</span> <span class='ocrx_word' id='word_1_540' title='bbox 1532 3286 1671 3343; x_wconf 89' lang='lat' dir='ltr'>tribuitis:</span> <span class='ocrx_word' id='word_1_541' title='bbox 1686 3287 1716 3342; x_wconf 86' lang='lat' dir='ltr'>ns</span> 
     </span>
     <span class='ocr_line' id='line_1_79' title="bbox 921 3380 1717 3455; baseline -0.001 -20"><span class='ocrx_word' id='word_1_542' title='bbox 921 3393 1012 3455; x_wconf 76' lang='lat' dir='ltr'>preco</span> <span class='ocrx_word' id='word_1_543' title='bbox 1026 3380 1143 3449; x_wconf 87' lang='lat' dir='ltr'>generis,</span> <span class='ocrx_word' id='word_1_544' title='bbox 1158 3380 1279 3449; x_wconf 75' lang='lat' dir='ltr'>magistri</span> <span class='ocrx_word' id='word_1_545' title='bbox 1294 3380 1454 3441; x_wconf 84' lang='lat' dir='ltr'>ueneuciaa</span> <span class='ocrx_word' id='word_1_546' title='bbox 1471 3397 1479 3434; x_wconf 80' lang='lat' dir='ltr'>s</span> <span class='ocrx_word' id='word_1_547' title='bbox 1496 3380 1657 3436; x_wconf 89' lang='lat' dir='ltr'>ineruditata</span> <span class='ocrx_word' id='word_1_548' title='bbox 1669 3393 1717 3434; x_wconf 83' lang='lat' dir='ltr'>no·</span> 
     </span>
     <span class='ocr_line' id='line_1_80' title="bbox 922 3472 1714 3543; baseline 0.001 -18"><span class='ocrx_word' id='word_1_549' title='bbox 922 3472 1010 3528; x_wconf 90' lang='lat' dir='ltr'>bilitas</span> <span class='ocrx_word' id='word_1_550' title='bbox 1021 3474 1132 3529; x_wconf 83' lang='lat' dir='ltr'>sceleste</span> <span class='ocrx_word' id='word_1_551' title='bbox 1148 3486 1244 3528; x_wconf 89' lang='lat' dir='ltr'>munus</span> <span class='ocrx_word' id='word_1_552' title='bbox 1257 3472 1373 3541; x_wconf 76' lang='lat' dir='ltr'>abierat.</span> <span class='ocrx_word' id='word_1_553' title='bbox 1389 3473 1633 3543; x_wconf 79' lang='lat' dir='ltr'>adstringiteergo</span> <span class='ocrx_word' id='word_1_554' title='bbox 1652 3487 1714 3527; x_wconf 90' lang='lat' dir='ltr'>arc·</span> 
     </span>
     <span class='ocr_line' id='line_1_81' title="bbox 922 3562 1715 3632; baseline 0.005 -16"><span class='ocrx_word' id='word_1_555' title='bbox 922 3563 1036 3627; x_wconf 85' lang='lat' dir='ltr'>tiuribus</span> <span class='ocrx_word' id='word_1_556' title='bbox 1047 3562 1161 3617; x_wconf 83' lang='lat' dir='ltr'>vinculis</span> <span class='ocrx_word' id='word_1_557' title='bbox 1175 3577 1222 3632; x_wconf 93' lang='lat' dir='ltr'>per</span> <span class='ocrx_word' id='word_1_558' title='bbox 1233 3569 1340 3622; x_wconf 79' lang='lat' dir='ltr'>etatem</span> <span class='ocrx_word' id='word_1_559' title='bbox 1352 3564 1459 3619; x_wconf 87' lang='lat' dir='ltr'>erratici</span> <span class='ocrx_word' id='word_1_560' title='bbox 1474 3563 1591 3632; x_wconf 88' lang='lat' dir='ltr'>palmitis</span> <span class='ocrx_word' id='word_1_561' title='bbox 1606 3564 1715 3631; x_wconf 84' lang='lat' dir='ltr'>lapsas:</span> 
     </span>
     <span class='ocr_line' id='line_1_82' title="bbox 922 3653 1716 3722; baseline -0.004 -13"><span class='ocrx_word' id='word_1_562' title='bbox 922 3655 981 3710; x_wconf 89' lang='lat' dir='ltr'>sine</span> <span class='ocrx_word' id='word_1_563' title='bbox 995 3654 1089 3711; x_wconf 88' lang='lat' dir='ltr'>sobole</span> <span class='ocrx_word' id='word_1_564' title='bbox 1101 3668 1189 3709; x_wconf 89' lang='lat' dir='ltr'>ramos</span> <span class='ocrx_word' id='word_1_565' title='bbox 1205 3654 1278 3710; x_wconf 88' lang='lat' dir='ltr'>ierro</span> <span class='ocrx_word' id='word_1_566' title='bbox 1292 3655 1413 3722; x_wconf 86' lang='lat' dir='ltr'>castiga:</span> <span class='ocrx_word' id='word_1_567' title='bbox 1429 3653 1571 3708; x_wconf 84' lang='lat' dir='ltr'>novellum</span> <span class='ocrx_word' id='word_1_568' title='bbox 1586 3653 1716 3721; x_wconf 88' lang='lat' dir='ltr'>cespitem</span> 
     </span>
     <span class='ocr_line' id='line_1_83' title="bbox 922 3743 1718 3817; baseline -0.003 -17"><span class='ocrx_word' id='word_1_569' title='bbox 922 3746 978 3801; x_wconf 87' lang='lat' dir='ltr'>iarn</span> <span class='ocrx_word' id='word_1_570' title='bbox 1001 3743 1056 3817; x_wconf 66' lang='lat' dir='ltr'>&#39;quo</span> <span class='ocrx_word' id='word_1_571' title='bbox 1076 3756 1171 3801; x_wconf 89' lang='lat' dir='ltr'>crrncta</span> <span class='ocrx_word' id='word_1_572' title='bbox 1199 3745 1363 3802; x_wconf 84' lang='lat' dir='ltr'>tructrtcare</span> <span class='ocrx_word' id='word_1_573' title='bbox 1391 3746 1479 3812; x_wconf 90' lang='lat' dir='ltr'>soles,</span> <span class='ocrx_word' id='word_1_574' title='bbox 1505 3745 1609 3800; x_wconf 88' lang='lat' dir='ltr'>attolle.</span> <span class='ocrx_word' id='word_1_575' title='bbox 1633 3744 1718 3798; x_wconf 70' lang='lat' dir='ltr'>llarbct</span> 
     </span>
     <span class='ocr_line' id='line_1_84' title="bbox 922 3835 1716 3905; baseline -0.005 -14"><span class='ocrx_word' id='word_1_576' title='bbox 922 3836 1080 3892; x_wconf 90' lang='lat' dir='ltr'>adolescens</span> <span class='ocrx_word' id='word_1_577' title='bbox 1103 3844 1205 3901; x_wconf 88' lang='lat' dir='ltr'>noster,</span> <span class='ocrx_word' id='word_1_578' title='bbox 1230 3835 1410 3905; x_wconf 90' lang='lat' dir='ltr'>qaodcunque</span> <span class='ocrx_word' id='word_1_579' title='bbox 1433 3835 1466 3890; x_wconf 92' lang='lat' dir='ltr'>de</span> <span class='ocrx_word' id='word_1_580' title='bbox 1490 3839 1547 3890; x_wconf 91' lang='lat' dir='ltr'>suis</span> <span class='ocrx_word' id='word_1_581' title='bbox 1575 3836 1716 3902; x_wconf 89' lang='lat' dir='ltr'>respexit,</span> 
     </span>
     <span class='ocr_line' id='line_1_85' title="bbox 923 3926 1718 3997; baseline 0.001 -17"><span class='ocrx_word' id='word_1_582' title='bbox 923 3928 993 3997; x_wconf 90' lang='lat' dir='ltr'>qnod</span> <span class='ocrx_word' id='word_1_583' title='bbox 1009 3936 1137 3995; x_wconf 75' lang='lat' dir='ltr'>serruatur</span> <span class='ocrx_word' id='word_1_584' title='bbox 1154 3943 1160 3979; x_wconf 93' lang='lat'>:</span> <span class='ocrx_word' id='word_1_585' title='bbox 1177 3926 1255 3982; x_wconf 90' lang='lat' dir='ltr'>nobis</span> <span class='ocrx_word' id='word_1_586' title='bbox 1270 3927 1361 3995; x_wconf 89' lang='lat' dir='ltr'>crede,</span> <span class='ocrx_word' id='word_1_587' title='bbox 1382 3934 1458 3984; x_wconf 91' lang='lat' dir='ltr'>aetus</span> <span class='ocrx_word' id='word_1_588' title='bbox 1472 3935 1513 3985; x_wconf 91' lang='lat' dir='ltr'>tot</span> <span class='ocrx_word' id='word_1_589' title='bbox 1527 3928 1645 3983; x_wconf 89' lang='lat' dir='ltr'>stimolis</span> <span class='ocrx_word' id='word_1_590' title='bbox 1656 3942 1718 3997; x_wconf 88' lang='lat' dir='ltr'>per-</span> 
     </span>
     <span class='ocr_line' id='line_1_86' title="bbox 924 4018 1718 4091; baseline 0 -18"><span class='ocrx_word' id='word_1_591' title='bbox 924 4020 1009 4083; x_wconf 83' lang='lat' dir='ltr'>volat,</span> <span class='ocrx_word' id='word_1_592' title='bbox 1025 4020 1145 4089; x_wconf 89' lang='lat' dir='ltr'>quolibet</span> <span class='ocrx_word' id='word_1_593' title='bbox 1165 4020 1286 4075; x_wconf 79' lang='lat' dir='ltr'>scientia</span> <span class='ocrx_word' id='word_1_594' title='bbox 1301 4020 1382 4077; x_wconf 86' lang='lat' dir='ltr'>luerit</span> <span class='ocrx_word' id='word_1_595' title='bbox 1395 4035 1487 4090; x_wconf 88' lang='lat' dir='ltr'>aequor</span> <span class='ocrx_word' id='word_1_596' title='bbox 1502 4020 1639 4091; x_wconf 88' lang='lat' dir='ltr'>ingressus</span> <span class='ocrx_word' id='word_1_597' title='bbox 1656 4037 1662 4073; x_wconf 93' lang='lat'><strong>:</strong></span> <span class='ocrx_word' id='word_1_598' title='bbox 1678 4018 1718 4074; x_wconf 90' lang='lat' dir='ltr'>io·</span> 
     </span>
     <span class='ocr_line' id='line_1_87' title="bbox 924 4111 1718 4182; baseline -0.001 -17"><span class='ocrx_word' id='word_1_599' title='bbox 924 4112 1012 4166; x_wconf 88' lang='lat' dir='ltr'>dictur</span> <span class='ocrx_word' id='word_1_600' title='bbox 1025 4113 1155 4182; x_wconf 67' lang='lat' dir='ltr'>prosapiae</span> <span class='ocrx_word' id='word_1_601' title='bbox 1171 4126 1226 4166; x_wconf 78' lang='lat' dir='ltr'>suu</span> <span class='ocrx_word' id='word_1_602' title='bbox 1245 4112 1396 4168; x_wconf 82' lang='lat' dir='ltr'>calcaribus</span> <span class='ocrx_word' id='word_1_603' title='bbox 1414 4127 1481 4182; x_wconf 90' lang='lat' dir='ltr'>:per</span> <span class='ocrx_word' id='word_1_604' title='bbox 1495 4120 1533 4167; x_wconf 91' lang='lat' dir='ltr'>tot</span> <span class='ocrx_word' id='word_1_605' title='bbox 1548 4111 1658 4170; x_wconf 89' lang='lat' dir='ltr'>ordines</span> <span class='ocrx_word' id='word_1_606' title='bbox 1674 4111 1718 4166; x_wconf 92' lang='lat' dir='ltr'>ni-</span> 
     </span>
     <span class='ocr_line' id='line_1_88' title="bbox 924 4199 1719 4279; baseline 0.005 -26"><span class='ocrx_word' id='word_1_607' title='bbox 924 4199 962 4279; x_wconf 85' lang='lat' dir='ltr'>bil</span> <span class='ocrx_word' id='word_1_608' title='bbox 976 4202 1027 4256; x_wconf 90' lang='lat' dir='ltr'>nisi</span> <span class='ocrx_word' id='word_1_609' title='bbox 1046 4200 1117 4269; x_wconf 91' lang='lat' dir='ltr'>quod</span> <span class='ocrx_word' id='word_1_610' title='bbox 1137 4200 1171 4255; x_wconf 90' lang='lat' dir='ltr'>ad</span> <span class='ocrx_word' id='word_1_611' title='bbox 1191 4199 1295 4255; x_wconf 87' lang='lat' dir='ltr'>litteras</span> <span class='ocrx_word' id='word_1_612' title='bbox 1317 4201 1423 4271; x_wconf 85' lang='lat' dir='ltr'>inritat,</span> <span class='ocrx_word' id='word_1_613' title='bbox 1447 4204 1558 4259; x_wconf 87' lang='lat' dir='ltr'>inuenit.</span> <span class='ocrx_word' id='word_1_614' title='bbox 1573 4202 1634 4258; x_wconf 87' lang='lat' dir='ltr'>Stat</span> <span class='ocrx_word' id='word_1_615' title='bbox 1654 4215 1719 4258; x_wconf 90' lang='lat' dir='ltr'>ecce</span> 
     </span>
     <span class='ocr_line' id='line_1_89' title="bbox 924 4291 1719 4364; baseline 0.001 -17"><span class='ocrx_word' id='word_1_616' title='bbox 924 4302 987 4348; x_wconf 88' lang='lat' dir='ltr'>ante</span> <span class='ocrx_word' id='word_1_617' title='bbox 1009 4303 1035 4351; x_wconf 91' lang='lat' dir='ltr'>tc</span> <span class='ocrx_word' id='word_1_618' title='bbox 1054 4291 1183 4364; x_wconf 82' lang='lat' dir='ltr'>parvulus</span> <span class='ocrx_word' id='word_1_619' title='bbox 1204 4300 1295 4347; x_wconf 88' lang='lat' dir='ltr'>nostor</span> <span class='ocrx_word' id='word_1_620' title='bbox 1318 4293 1440 4350; x_wconf 87' lang='lat' dir='ltr'>ielieibns</span> <span class='ocrx_word' id='word_1_621' title='bbox 1462 4293 1607 4353; x_wconf 84' lang='lat' dir='ltr'>initiandus</span> <span class='ocrx_word' id='word_1_622' title='bbox 1627 4294 1719 4362; x_wconf 89' lang='lat' dir='ltr'>auspi·</span> 
     </span>
     <span class='ocr_line' id='line_1_90' title="bbox 924 4383 1719 4453; baseline 0 -13"><span class='ocrx_word' id='word_1_623' title='bbox 924 4385 975 4440; x_wconf 91' lang='lat' dir='ltr'>ciis</span> <span class='ocrx_word' id='word_1_624' title='bbox 990 4402 996 4438; x_wconf 76' lang='grc' dir='ltr'>ε</span> <span class='ocrx_word' id='word_1_625' title='bbox 1012 4393 1040 4439; x_wconf 91' lang='lat' dir='ltr'>et</span> <span class='ocrx_word' id='word_1_626' title='bbox 1054 4384 1123 4438; x_wconf 90' lang='lat' dir='ltr'>sicut</span> <span class='ocrx_word' id='word_1_627' title='bbox 1135 4383 1200 4453; x_wconf 85' lang='lat' dir='ltr'>justi</span> <span class='ocrx_word' id='word_1_628' title='bbox 1215 4383 1303 4439; x_wconf 82' lang='lat' dir='ltr'>nostia</span> <span class='ocrx_word' id='word_1_629' title='bbox 1318 4384 1489 4440; x_wconf 79' lang='lat' dir='ltr'>devotionem</span> <span class='ocrx_word' id='word_1_630' title='bbox 1505 4385 1661 4441; x_wconf 89' lang='lat' dir='ltr'>sacerdotis</span> <span class='ocrx_word' id='word_1_631' title='bbox 1672 4399 1719 4440; x_wconf 89' lang='lat' dir='ltr'>ex·</span> 
     </span>
     <span class='ocr_line' id='line_1_91' title="bbox 926 4472 1720 4548; baseline -0.008 -15"><span class='ocrx_word' id='word_1_632' title='bbox 926 4475 1054 4548; x_wconf 79' lang='lat' dir='ltr'>pusulas.</span> <span class='ocrx_word' id='word_1_633' title='bbox 1072 4474 1214 4531; x_wconf 87' lang='lat' dir='ltr'>Paterrtam</span> <span class='ocrx_word' id='word_1_634' title='bbox 1231 4476 1356 4533; x_wconf 85' lang='lat' dir='ltr'>convenit</span> <span class='ocrx_word' id='word_1_635' title='bbox 1371 4490 1419 4532; x_wconf 90' lang='lat' dir='ltr'>ore</span> <span class='ocrx_word' id='word_1_636' title='bbox 1434 4475 1573 4545; x_wconf 87' lang='lat' dir='ltr'>pietatem,</span> <span class='ocrx_word' id='word_1_637' title='bbox 1589 4483 1617 4528; x_wconf 95' lang='lat' dir='ltr'>ut</span> <span class='ocrx_word' id='word_1_638' title='bbox 1632 4472 1720 4542; x_wconf 87' lang='lat' dir='ltr'>quali-</span> 
     </span>
    </p>
   </div>
   <div class='ocr_carea' id='block_1_15' title="bbox 80 4562 1720 4646">
    <p class='ocr_par' dir='ltr' id='par_1_17' title="bbox 80 4562 1720 4646">
     <span class='ocr_line' id='line_1_92' title="bbox 80 4562 1720 4646; baseline 0 -27"><span class='ocrx_word' id='word_1_639' title='bbox 80 4578 136 4646; x_wconf 86' lang='lat' dir='ltr'>snae</span> <span class='ocrx_word' id='word_1_640' title='bbox 160 4565 261 4632; x_wconf 88' lang='lat' dir='ltr'>sidera,</span> <span class='ocrx_word' id='word_1_641' title='bbox 282 4566 332 4621; x_wconf 89' lang='lat' dir='ltr'>bac</span> <span class='ocrx_word' id='word_1_642' title='bbox 348 4582 413 4622; x_wconf 84' lang='lat' dir='ltr'>uoce</span> <span class='ocrx_word' id='word_1_643' title='bbox 434 4568 607 4625; x_wconf 84' lang='lat' dir='ltr'>conueniunt.</span> <span class='ocrx_word' id='word_1_644' title='bbox 631 4570 755 4638; x_wconf 80' lang='lat' dir='ltr'>suscipe,</span> <span class='ocrx_word' id='word_1_645' title='bbox 776 4563 1109 4635; x_wconf 77' lang='lat' dir='ltr'>doctis-libaturatione</span> <span class='ocrx_word' id='word_1_646' title='bbox 1123 4566 1298 4623; x_wconf 89' lang='lat' dir='ltr'>constitutam</span> <span class='ocrx_word' id='word_1_647' title='bbox 1313 4566 1339 4621; x_wconf 90' lang='lat' dir='ltr'>in</span> <span class='ocrx_word' id='word_1_648' title='bbox 1360 4567 1422 4623; x_wconf 82' lang='lat' dir='ltr'>ritae</span> <span class='ocrx_word' id='word_1_649' title='bbox 1435 4565 1529 4622; x_wconf 87' lang='lat' dir='ltr'>limine</span> <span class='ocrx_word' id='word_1_650' title='bbox 1549 4562 1720 4629; x_wconf 85' lang='lat' dir='ltr'>cumnrendet</span> 
     </span>
    </p>
   </div>
   <div class='ocr_carea' id='block_1_16' title="bbox 80 4644 876 5293">
    <p class='ocr_par' dir='ltr' id='par_1_18' title="bbox 80 4644 876 5293">
     <span class='ocr_line' id='line_1_93' title="bbox 80 4644 872 4740; baseline 0.005 -29"><span class='ocrx_word' id='word_1_651' title='bbox 80 4658 148 4712; x_wconf 93' lang='lat' dir='ltr'>sime</span> <span class='ocrx_word' id='word_1_652' title='bbox 167 4658 319 4740; x_wconf 79' lang='lat' dir='ltr'>laomiaunt,</span> <span class='ocrx_word' id='word_1_653' title='bbox 342 4644 481 4732; x_wconf 88' lang='lat' dir='ltr'>utriusque</span> <span class='ocrx_word' id='word_1_654' title='bbox 495 4663 613 4732; x_wconf 88' lang='lat' dir='ltr'>plantam</span> <span class='ocrx_word' id='word_1_655' title='bbox 629 4661 746 4726; x_wconf 81' lang='lat' dir='ltr'>familia,</span> <span class='ocrx_word' id='word_1_656' title='bbox 764 4671 791 4722; x_wconf 89' lang='lat' dir='ltr'>et</span> <span class='ocrx_word' id='word_1_657' title='bbox 813 4663 872 4718; x_wconf 92' lang='lat' dir='ltr'>cul-</span> 
     </span>
     <span class='ocr_line' id='line_1_94' title="bbox 81 4749 874 4827; baseline 0.009 -25"><span class='ocrx_word' id='word_1_658' title='bbox 81 4763 153 4803; x_wconf 91' lang='lat' dir='ltr'>mum</span> <span class='ocrx_word' id='word_1_659' title='bbox 178 4749 207 4804; x_wconf 96' lang='lat' dir='ltr'>in</span> <span class='ocrx_word' id='word_1_660' title='bbox 228 4765 282 4821; x_wconf 89' lang='lat' dir='ltr'>qno</span> <span class='ocrx_word' id='word_1_661' title='bbox 305 4752 430 4823; x_wconf 83' lang='lat' dir='ltr'>grauidas</span> <span class='ocrx_word' id='word_1_662' title='bbox 449 4755 546 4827; x_wconf 78' lang='lat' dir='ltr'>aristus</span> <span class='ocrx_word' id='word_1_663' title='bbox 562 4755 649 4824; x_wconf 87' lang='lat' dir='ltr'>parius</span> <span class='ocrx_word' id='word_1_664' title='bbox 679 4754 812 4819; x_wconf 75' lang='lat' dir='ltr'>¹secundus</span> <span class='ocrx_word' id='word_1_665' title='bbox 833 4762 874 4826; x_wconf 88' lang='lat' dir='ltr'>at·</span> 
     </span>
     <span class='ocr_line' id='line_1_95' title="bbox 82 4830 873 4916; baseline 0.008 -22"><span class='ocrx_word' id='word_1_666' title='bbox 82 4839 171 4895; x_wconf 74' lang='lat' dir='ltr'>nude.</span> <span class='ocrx_word' id='word_1_667' title='bbox 188 4841 412 4912; x_wconf 79' lang='lat' dir='ltr'>Scatpesarcutis</span> <span class='ocrx_word' id='word_1_668' title='bbox 425 4830 538 4901; x_wconf 85' lang='lat' dir='ltr'>uberem</span> <span class='ocrx_word' id='word_1_669' title='bbox 554 4856 663 4912; x_wconf 90' lang='lat' dir='ltr'>terram,</span> <span class='ocrx_word' id='word_1_670' title='bbox 678 4862 736 4916; x_wconf 82' lang='lat' dir='ltr'>qua</span> <span class='ocrx_word' id='word_1_671' title='bbox 750 4845 773 4901; x_wconf 93' lang='lat' dir='ltr'>si</span> <span class='ocrx_word' id='word_1_672' title='bbox 789 4846 873 4901; x_wconf 90' lang='lat' dir='ltr'>nostri</span> 
     </span>
     <span class='ocr_line' id='line_1_96' title="bbox 82 4934 873 5014; baseline 0.011 -29"><span class='ocrx_word' id='word_1_673' title='bbox 82 4940 122 4985; x_wconf 88' lang='lat' dir='ltr'>est</span> <span class='ocrx_word' id='word_1_674' title='bbox 137 4934 267 5014; x_wconf 85' lang='lat' dir='ltr'>germinis</span> <span class='ocrx_word' id='word_1_675' title='bbox 295 4934 388 5001; x_wconf 85' lang='lat' dir='ltr'>labala,</span> <span class='ocrx_word' id='word_1_676' title='bbox 411 4935 440 4991; x_wconf 84' lang='lat' dir='ltr'>in</span> <span class='ocrx_word' id='word_1_677' title='bbox 461 4938 514 4992; x_wconf 92' lang='lat' dir='ltr'>tuis</span> <span class='ocrx_word' id='word_1_678' title='bbox 530 4937 651 5006; x_wconf 90' lang='lat' dir='ltr'>proiecto</span> <span class='ocrx_word' id='word_1_679' title='bbox 675 4937 811 5014; x_wconf 71' lang='lat' dir='ltr'>labrrribus</span> <span class='ocrx_word' id='word_1_680' title='bbox 831 4953 873 4997; x_wconf 88' lang='lat' dir='ltr'>re·</span> 
     </span>
     <span class='ocr_line' id='line_1_97' title="bbox 82 5025 875 5109; baseline 0.014 -33"><span class='ocrx_word' id='word_1_681' title='bbox 82 5035 224 5091; x_wconf 88' lang='lat' dir='ltr'>sponsura.</span> <span class='ocrx_word' id='word_1_682' title='bbox 239 5025 366 5081; x_wconf 85' lang='lat' dir='ltr'>[iacendo</span> <span class='ocrx_word' id='word_1_683' title='bbox 378 5027 447 5095; x_wconf 85' lang='lat' dir='ltr'>libro</span> <span class='ocrx_word' id='word_1_684' title='bbox 463 5027 620 5109; x_wconf 70' lang='lat' dir='ltr'>subolescere</span> <span class='ocrx_word' id='word_1_685' title='bbox 636 5031 759 5085; x_wconf 85' lang='lat' dir='ltr'>maritata</span> <span class='ocrx_word' id='word_1_686' title='bbox 772 5030 875 5100; x_wconf 86' lang='lat' dir='ltr'>planta·</span> 
     </span>
     <span class='ocr_line' id='line_1_98' title="bbox 83 5102 876 5198; baseline 0.014 -33"><span class='ocrx_word' id='word_1_687' title='bbox 83 5110 120 5166; x_wconf 92' lang='lat' dir='ltr'>ria</span> <span class='ocrx_word' id='word_1_688' title='bbox 136 5129 144 5168; x_wconf 90' lang='lat'>:</span> <span class='ocrx_word' id='word_1_689' title='bbox 161 5114 260 5169; x_wconf 88' lang='lat' dir='ltr'>norelli</span> <span class='ocrx_word' id='word_1_690' title='bbox 275 5102 401 5198; x_wconf 85' lang='lat' dir='ltr'>dentibus</span> <span class='ocrx_word' id='word_1_691' title='bbox 414 5118 521 5190; x_wconf 83' lang='lat' dir='ltr'>virgulti</span> <span class='ocrx_word' id='word_1_692' title='bbox 536 5118 651 5176; x_wconf 79' lang='lat' dir='ltr'>fructura</span> <span class='ocrx_word' id='word_1_693' title='bbox 668 5121 768 5176; x_wconf 88' lang='lat' dir='ltr'>surculi</span> <span class='ocrx_word' id='word_1_694' title='bbox 782 5121 876 5176; x_wconf 87' lang='lat' dir='ltr'>melio·</span> 
     </span>
     <span class='ocr_line' id='line_1_99' title="bbox 84 5204 875 5293; baseline 0.016 -36"><span class='ocrx_word' id='word_1_695' title='bbox 84 5204 120 5259; x_wconf 89' lang='lat' dir='ltr'>ris</span> <span class='ocrx_word' id='word_1_696' title='bbox 141 5207 314 5263; x_wconf 88' lang='lat' dir='ltr'>accommoda</span> <span class='ocrx_word' id='word_1_697' title='bbox 333 5226 339 5261; x_wconf 93' lang='lat'>:</span> <span class='ocrx_word' id='word_1_698' title='bbox 357 5211 445 5264; x_wconf 86' lang='lat' dir='ltr'>uerriat</span> <span class='ocrx_word' id='word_1_699' title='bbox 469 5227 610 5282; x_wconf 88' lang='lat' dir='ltr'>pomorum</span> <span class='ocrx_word' id='word_1_700' title='bbox 635 5229 787 5293; x_wconf 87' lang='lat' dir='ltr'>successus,</span> <span class='ocrx_word' id='word_1_701' title='bbox 813 5215 875 5270; x_wconf 88' lang='lat' dir='ltr'>dum</span> 
     </span>
    </p>
   </div>
   <div class='ocr_carea' id='block_1_17' title="bbox 86 5303 904 5394">
    <p class='ocr_par' dir='ltr' id='par_1_19' title="bbox 86 5303 904 5394">
     <span class='ocr_line' id='line_1_100' title="bbox 86 5303 904 5394; baseline 0.021 -42"><span class='ocrx_word' id='word_1_702' title='bbox 86 5312 131 5353; x_wconf 93' lang='lat' dir='ltr'>ore</span> <span class='ocrx_word' id='word_1_703' title='bbox 148 5311 240 5356; x_wconf 89' lang='lat' dir='ltr'>tenero</span> <span class='ocrx_word' id='word_1_704' title='bbox 254 5303 397 5359; x_wconf 88' lang='lat' dir='ltr'>sublimior</span> <span class='ocrx_word' id='word_1_705' title='bbox 409 5305 444 5359; x_wconf 90' lang='lat' dir='ltr'>ab</span> <span class='ocrx_word' id='word_1_706' title='bbox 461 5307 508 5382; x_wconf 85' lang='lat' dir='ltr'>illo¹</span> <span class='ocrx_word' id='word_1_707' title='bbox 529 5315 555 5361; x_wconf 89' lang='lat' dir='ltr'>te</span> <span class='ocrx_word' id='word_1_708' title='bbox 568 5307 682 5383; x_wconf 83' lang='lat' dir='ltr'>docente</span> <span class='ocrx_word' id='word_1_709' title='bbox 695 5309 786 5379; x_wconf 83' lang='lat' dir='ltr'>planta</span> <span class='ocrx_word' id='word_1_710' title='bbox 802 5324 875 5369; x_wconf 86' lang='lat' dir='ltr'>mur·</span> <span class='ocrx_word' id='word_1_711' title='bbox 895 5369 904 5394; x_wconf 55' lang='lat'><strong>·</strong></span> 
     </span>
    </p>
   </div>
   <div class='ocr_carea' id='block_1_18' title="bbox 87 5387 876 5476">
    <p class='ocr_par' dir='ltr' id='par_1_20' title="bbox 87 5387 876 5476">
     <span class='ocr_line' id='line_1_101' title="bbox 87 5387 876 5476; baseline 0.018 -32"><span class='ocrx_word' id='word_1_712' title='bbox 87 5393 163 5448; x_wconf 89' lang='lat' dir='ltr'>detur</span> <span class='ocrx_word' id='word_1_713' title='bbox 178 5412 185 5449; x_wconf 87' lang='lat'>:</span> <span class='ocrx_word' id='word_1_714' title='bbox 200 5397 261 5464; x_wconf 88' lang='lat' dir='ltr'>quia</span> <span class='ocrx_word' id='word_1_715' title='bbox 278 5397 327 5452; x_wconf 89' lang='lat' dir='ltr'>nisi</span> <span class='ocrx_word' id='word_1_716' title='bbox 348 5397 495 5458; x_wconf 90' lang='lat' dir='ltr'>edomitam</span> <span class='ocrx_word' id='word_1_717' title='bbox 507 5387 608 5456; x_wconf 86' lang='lat' dir='ltr'>terram</span> <span class='ocrx_word' id='word_1_718' title='bbox 631 5411 723 5473; x_wconf 82' lang='lat' dir='ltr'>terque</span> <span class='ocrx_word' id='word_1_719' title='bbox 738 5413 765 5458; x_wconf 92' lang='lat' dir='ltr'>et</span> <span class='ocrx_word' id='word_1_720' title='bbox 779 5415 876 5476; x_wconf 88' lang='lat' dir='ltr'>quater</span> 
     </span>
    </p>
   </div>
   <div class='ocr_carea' id='block_1_19' title="bbox 122 5524 902 5603">
    <p class='ocr_par' dir='ltr' id='par_1_21' title="bbox 122 5524 902 5603">
     <span class='ocr_line' id='line_1_102' title="bbox 122 5524 902 5603; baseline 0.014 -26"><span class='ocrx_word' id='word_1_721' title='bbox 122 5524 270 5592; x_wconf 74' lang='lat' dir='ltr'>&#39;Praefatio</span> <span class='ocrx_word' id='word_1_722' title='bbox 295 5531 363 5582; x_wconf 88' lang='lat' dir='ltr'>dicta</span> <span class='ocrx_word' id='word_1_723' title='bbox 384 5530 524 5602; x_wconf 82' lang='lat' dir='ltr'>Lupicino]</span> <span class='ocrx_word' id='word_1_724' title='bbox 550 5533 707 5601; x_wconf 86' lang='lat' dir='ltr'>Lupicinum</span> <span class='ocrx_word' id='word_1_725' title='bbox 735 5533 902 5603; x_wconf 80' lang='lat' dir='ltr'>Ertprepiae.</span> 
     </span>
    </p>
   </div>
   <div class='ocr_carea' id='block_1_20' title="bbox 85 5596 879 5887">
    <p class='ocr_par' dir='ltr' id='par_1_22' title="bbox 85 5596 879 5887">
     <span class='ocr_line' id='line_1_103' title="bbox 85 5596 875 5676; baseline 0.014 -29"><span class='ocrx_word' id='word_1_726' title='bbox 85 5600 184 5676; x_wconf 83' lang='lat' dir='ltr'>sororis</span> <span class='ocrx_word' id='word_1_727' title='bbox 199 5596 314 5654; x_wconf 83' lang='lat' dir='ltr'>Ennodii</span> <span class='ocrx_word' id='word_1_728' title='bbox 331 5600 415 5654; x_wconf 78' lang='lat' dir='ltr'>inlitam</span> <span class='ocrx_word' id='word_1_729' title='bbox 430 5603 512 5656; x_wconf 82' lang='lat' dir='ltr'>scrisse</span> <span class='ocrx_word' id='word_1_730' title='bbox 523 5603 701 5671; x_wconf 83' lang='lat' dir='ltr'>nnsepistolar</span> <span class='ocrx_word' id='word_1_731' title='bbox 713 5604 875 5660; x_wconf 85' lang='lat' dir='ltr'>docuerant:</span> 
     </span>
     <span class='ocr_line' id='line_1_104' title="bbox 86 5664 879 5748; baseline 0.018 -30"><span class='ocrx_word' id='word_1_732' title='bbox 86 5664 128 5748; x_wconf 80' lang='lat' dir='ltr'>lue</span> <span class='ocrx_word' id='word_1_733' title='bbox 141 5677 288 5734; x_wconf 90' lang='lat' dir='ltr'>utrumqne</span> <span class='ocrx_word' id='word_1_734' title='bbox 307 5670 365 5737; x_wconf 84' lang='lat' dir='ltr'>ejus</span> <span class='ocrx_word' id='word_1_735' title='bbox 380 5686 459 5727; x_wconf 90' lang='lat' dir='ltr'>avum</span> <span class='ocrx_word' id='word_1_736' title='bbox 474 5673 572 5737; x_wconf 89' lang='lat' dir='ltr'>prodit,</span> <span class='ocrx_word' id='word_1_737' title='bbox 590 5673 736 5729; x_wconf 89' lang='lat' dir='ltr'>Firminnm</span> <span class='ocrx_word' id='word_1_738' title='bbox 756 5685 783 5737; x_wconf 83' lang='lat' dir='ltr'>et</span> <span class='ocrx_word' id='word_1_739' title='bbox 802 5675 879 5732; x_wconf 89' lang='lat' dir='ltr'>Lice·</span> 
     </span>
     <span class='ocr_line' id='line_1_105' title="bbox 88 5737 877 5815; baseline 0.013 -25"><span class='ocrx_word' id='word_1_740' title='bbox 88 5751 158 5792; x_wconf 89' lang='lat' dir='ltr'>rrum</span> <span class='ocrx_word' id='word_1_741' title='bbox 173 5753 188 5791; x_wconf 91' lang='lat' dir='ltr'>a</span> <span class='ocrx_word' id='word_1_742' title='bbox 204 5737 302 5802; x_wconf 86' lang='lat' dir='ltr'>quibus</span> <span class='ocrx_word' id='word_1_743' title='bbox 314 5751 342 5795; x_wconf 92' lang='lat' dir='ltr'>et</span> <span class='ocrx_word' id='word_1_744' title='bbox 353 5745 512 5811; x_wconf 90' lang='lat' dir='ltr'>cognomina</span> <span class='ocrx_word' id='word_1_745' title='bbox 525 5745 558 5798; x_wconf 91' lang='lat' dir='ltr'>de</span> <span class='ocrx_word' id='word_1_746' title='bbox 574 5759 648 5800; x_wconf 90' lang='lat' dir='ltr'>more</span> <span class='ocrx_word' id='word_1_747' title='bbox 666 5748 779 5815; x_wconf 86' lang='lat' dir='ltr'>sumpsit</span> <span class='ocrx_word' id='word_1_748' title='bbox 795 5763 801 5800; x_wconf 91' lang='lat'>:</span> <span class='ocrx_word' id='word_1_749' title='bbox 816 5760 877 5800; x_wconf 87' lang='lat' dir='ltr'>narn</span> 
     </span>
     <span class='ocr_line' id='line_1_106' title="bbox 92 5805 877 5887; baseline 0.02 -27"><span class='ocrx_word' id='word_1_750' title='bbox 92 5805 201 5873; x_wconf 80' lang='lat' dir='ltr'>Flavius</span> <span class='ocrx_word' id='word_1_751' title='bbox 211 5808 333 5867; x_wconf 88' lang='lat' dir='ltr'>Lieerius</span> <span class='ocrx_word' id='word_1_752' title='bbox 345 5810 480 5871; x_wconf 74' lang='lat' dir='ltr'>Firminus</span> <span class='ocrx_word' id='word_1_753' title='bbox 495 5814 640 5886; x_wconf 80' lang='lat' dir='ltr'>Lupicinus</span> <span class='ocrx_word' id='word_1_754' title='bbox 654 5816 801 5887; x_wconf 83' lang='lat' dir='ltr'>appellatus</span> <span class='ocrx_word' id='word_1_755' title='bbox 814 5823 856 5873; x_wconf 88' lang='lat' dir='ltr'>est</span> <span class='ocrx_word' id='word_1_756' title='bbox 869 5833 877 5876; x_wconf 78' lang='grc' dir='ltr'>ι</span> 
     </span>
    </p>
   </div>
   <div class='ocr_carea' id='block_1_21' title="bbox 928 4654 1721 5471">
    <p class='ocr_par' dir='ltr' id='par_1_23' title="bbox 928 4654 1721 5471">
     <span class='ocr_line' id='line_1_107' title="bbox 928 4654 1718 4737; baseline -0.004 -21"><span class='ocrx_word' id='word_1_757' title='bbox 928 4660 1077 4735; x_wconf 84' lang='lat' dir='ltr'>iniuratiara,</span> <span class='ocrx_word' id='word_1_758' title='bbox 1091 4673 1170 4737; x_wconf 89' lang='lat' dir='ltr'>quant</span> <span class='ocrx_word' id='word_1_759' title='bbox 1185 4658 1218 4714; x_wconf 92' lang='lat' dir='ltr'>de</span> <span class='ocrx_word' id='word_1_760' title='bbox 1234 4658 1389 4729; x_wconf 82' lang='lat' dir='ltr'>pareatibus</span> <span class='ocrx_word' id='word_1_761' title='bbox 1405 4673 1457 4714; x_wconf 92' lang='lat' dir='ltr'>uon</span> <span class='ocrx_word' id='word_1_762' title='bbox 1474 4670 1603 4722; x_wconf 88' lang='lat' dir='ltr'>sermupe</span> <span class='ocrx_word' id='word_1_763' title='bbox 1623 4654 1718 4722; x_wconf 83' lang='lat' dir='ltr'>erigit,</span> 
     </span>
     <span class='ocr_line' id='line_1_108' title="bbox 928 4747 1720 4822; baseline -0.009 -16"><span class='ocrx_word' id='word_1_764' title='bbox 928 4753 974 4809; x_wconf 87' lang='lat' dir='ltr'>sed</span> <span class='ocrx_word' id='word_1_765' title='bbox 993 4751 1056 4822; x_wconf 92' lang='lat' dir='ltr'>quid</span> <span class='ocrx_word' id='word_1_766' title='bbox 1079 4750 1215 4806; x_wconf 87' lang='lat' dir='ltr'>desideret</span> <span class='ocrx_word' id='word_1_767' title='bbox 1235 4765 1313 4805; x_wconf 92' lang='lat' dir='ltr'>error</span> <span class='ocrx_word' id='word_1_768' title='bbox 1328 4749 1463 4815; x_wconf 87' lang='lat' dir='ltr'>ostendit;</span> <span class='ocrx_word' id='word_1_769' title='bbox 1478 4748 1600 4817; x_wconf 90' lang='lat' dir='ltr'>cogimur</span> <span class='ocrx_word' id='word_1_770' title='bbox 1621 4747 1720 4811; x_wconf 81' lang='lat' dir='ltr'>subre-</span> 
     </span>
     <span class='ocr_line' id='line_1_109' title="bbox 928 4837 1720 4920; baseline -0.001 -24"><span class='ocrx_word' id='word_1_771' title='bbox 928 4843 987 4920; x_wconf 79' lang='lat' dir='ltr'>nire</span> <span class='ocrx_word' id='word_1_772' title='bbox 1008 4841 1034 4908; x_wconf 88' lang='grc'>11</span> <span class='ocrx_word' id='word_1_773' title='bbox 1060 4840 1220 4908; x_wconf 86' lang='lat' dir='ltr'>necessitate</span> <span class='ocrx_word' id='word_1_774' title='bbox 1236 4839 1350 4911; x_wconf 86' lang='lat' dir='ltr'>parvuli,</span> <span class='ocrx_word' id='word_1_775' title='bbox 1374 4854 1452 4908; x_wconf 89' lang='lat' dir='ltr'>qrram</span> <span class='ocrx_word' id='word_1_776' title='bbox 1469 4838 1584 4900; x_wconf 88' lang='lat' dir='ltr'>termido</span> <span class='ocrx_word' id='word_1_777' title='bbox 1606 4837 1720 4895; x_wconf 83' lang='lat' dir='ltr'>manile-</span> 
     </span>
     <span class='ocr_line' id='line_1_110' title="bbox 928 4918 1718 5010; baseline -0.009 -17"><span class='ocrx_word' id='word_1_778' title='bbox 928 4945 991 4993; x_wconf 88' lang='lat' dir='ltr'>stat.</span> <span class='ocrx_word' id='word_1_779' title='bbox 1008 4918 1117 5010; x_wconf 60' lang='lat' dir='ltr'>Spo&#39;nde</span> <span class='ocrx_word' id='word_1_780' title='bbox 1137 4934 1190 4993; x_wconf 91' lang='lat' dir='ltr'>tuis</span> <span class='ocrx_word' id='word_1_781' title='bbox 1210 4932 1411 4991; x_wconf 59' lang='lat' dir='ltr'>adolescentule</span> <span class='ocrx_word' id='word_1_782' title='bbox 1422 4933 1431 4962; x_wconf 85' lang='lat'><strong>¹</strong></span> <span class='ocrx_word' id='word_1_783' title='bbox 1443 4932 1522 5004; x_wconf 85' lang='lat' dir='ltr'>digne</span> <span class='ocrx_word' id='word_1_784' title='bbox 1539 4933 1718 5003; x_wconf 84' lang='lat' dir='ltr'>primordiis:</span> 
     </span>
     <span class='ocr_line' id='line_1_111' title="bbox 930 5022 1718 5099; baseline -0.009 -16"><span class='ocrx_word' id='word_1_785' title='bbox 930 5042 1003 5099; x_wconf 91' lang='lat' dir='ltr'>sporn</span> <span class='ocrx_word' id='word_1_786' title='bbox 1020 5027 1131 5095; x_wconf 81' lang='lat' dir='ltr'>solidam</span> <span class='ocrx_word' id='word_1_787' title='bbox 1145 5026 1178 5087; x_wconf 89' lang='lat' dir='ltr'>de</span> <span class='ocrx_word' id='word_1_788' title='bbox 1193 5036 1235 5080; x_wconf 90' lang='lat' dir='ltr'>tua</span> <span class='ocrx_word' id='word_1_789' title='bbox 1249 5023 1411 5096; x_wconf 87' lang='lat' dir='ltr'>periectioue</span> <span class='ocrx_word' id='word_1_790' title='bbox 1421 5022 1588 5092; x_wconf 87' lang='lat' dir='ltr'>concipimus</span> <span class='ocrx_word' id='word_1_791' title='bbox 1600 5039 1607 5077; x_wconf 73' lang='grc' dir='ltr'><em>τ</em></span> <span class='ocrx_word' id='word_1_792' title='bbox 1617 5024 1718 5079; x_wconf 92' lang='lat' dir='ltr'>bonum</span> 
     </span>
     <span class='ocr_line' id='line_1_112' title="bbox 929 5115 1720 5192; baseline -0.008 -16"><span class='ocrx_word' id='word_1_793' title='bbox 929 5120 1066 5192; x_wconf 90' lang='lat' dir='ltr'>ingenium</span> <span class='ocrx_word' id='word_1_794' title='bbox 1082 5117 1187 5174; x_wconf 92' lang='lat' dir='ltr'>doctori</span> <span class='ocrx_word' id='word_1_795' title='bbox 1197 5118 1298 5188; x_wconf 83' lang='lat' dir='ltr'>optiaao</span> <span class='ocrx_word' id='word_1_796' title='bbox 1310 5119 1504 5188; x_wconf 75' lang='lat' dir='ltr'>araricipamus.</span> <span class='ocrx_word' id='word_1_797' title='bbox 1519 5116 1596 5172; x_wconf 77' lang='lat' dir='ltr'>Sacri</span> <span class='ocrx_word' id='word_1_798' title='bbox 1606 5115 1720 5186; x_wconf 78' lang='grc'><strong>11111-</strong></span> 
     </span>
     <span class='ocr_line' id='line_1_113' title="bbox 928 5205 1720 5278; baseline -0.014 -10"><span class='ocrx_word' id='word_1_799' title='bbox 928 5212 1047 5268; x_wconf 88' lang='lat' dir='ltr'>diarenta</span> <span class='ocrx_word' id='word_1_800' title='bbox 1064 5224 1194 5266; x_wconf 83' lang='lat' dir='ltr'>venerare</span> <span class='ocrx_word' id='word_1_801' title='bbox 1218 5208 1322 5278; x_wconf 90' lang='lat' dir='ltr'>collegii</span> <span class='ocrx_word' id='word_1_802' title='bbox 1336 5226 1343 5260; x_wconf 75' lang='lat' dir='ltr'>a</span> <span class='ocrx_word' id='word_1_803' title='bbox 1357 5208 1389 5264; x_wconf 88' lang='lat' dir='ltr'>ad</span> <span class='ocrx_word' id='word_1_804' title='bbox 1405 5208 1519 5263; x_wconf 86' lang='lat' dir='ltr'>Latiaris</span> <span class='ocrx_word' id='word_1_805' title='bbox 1537 5207 1620 5263; x_wconf 71' lang='lat' dir='ltr'>curius</span> <span class='ocrx_word' id='word_1_806' title='bbox 1639 5205 1720 5277; x_wconf 83' lang='lat' dir='ltr'>prob·</span> 
     </span>
     <span class='ocr_line' id='line_1_114' title="bbox 929 5284 1721 5371; baseline -0.013 -11"><span class='ocrx_word' id='word_1_807' title='bbox 929 5306 1006 5360; x_wconf 92' lang='lat' dir='ltr'>ciunt</span> <span class='ocrx_word' id='word_1_808' title='bbox 1030 5284 1131 5367; x_wconf 82' lang='lat' dir='ltr'>sidera,</span> <span class='ocrx_word' id='word_1_809' title='bbox 1151 5313 1219 5371; x_wconf 93' lang='lat' dir='ltr'>quos</span> <span class='ocrx_word' id='word_1_810' title='bbox 1234 5299 1308 5357; x_wconf 84' lang='lat' dir='ltr'>tides</span> <span class='ocrx_word' id='word_1_811' title='bbox 1329 5299 1453 5363; x_wconf 86' lang='lat' dir='ltr'>scintillis</span> <span class='ocrx_word' id='word_1_812' title='bbox 1477 5298 1590 5355; x_wconf 86' lang='lat' dir='ltr'>arrodicis</span> <span class='ocrx_word' id='word_1_813' title='bbox 1605 5297 1721 5352; x_wconf 90' lang='lat' dir='ltr'>iuturum</span> 
     </span>
     <span class='ocr_line' id='line_1_115' title="bbox 931 5386 1720 5471; baseline -0.018 -19"><span class='ocrx_word' id='word_1_814' title='bbox 931 5400 1021 5454; x_wconf 83' lang='lat' dir='ltr'>lutaren</span> <span class='ocrx_word' id='word_1_815' title='bbox 1049 5393 1202 5457; x_wconf 90' lang='lat' dir='ltr'>ostendere.</span> <span class='ocrx_word' id='word_1_816' title='bbox 1229 5393 1285 5471; x_wconf 75' lang='lat' dir='ltr'>litte</span> <span class='ocrx_word' id='word_1_817' title='bbox 1306 5408 1371 5449; x_wconf 88' lang='lat' dir='ltr'>aros</span> <span class='ocrx_word' id='word_1_818' title='bbox 1384 5394 1483 5449; x_wconf 80' lang='lat' dir='ltr'>dixisse</span> <span class='ocrx_word' id='word_1_819' title='bbox 1505 5391 1619 5446; x_wconf 86' lang='lat' dir='ltr'>sulliciat</span> <span class='ocrx_word' id='word_1_820' title='bbox 1635 5406 1641 5441; x_wconf 94' lang='lat'><strong>:</strong></span> <span class='ocrx_word' id='word_1_821' title='bbox 1656 5386 1720 5441; x_wconf 88' lang='lat' dir='ltr'>milri</span> 
     </span>
    </p>
   </div>
   <div class='ocr_carea' id='block_1_22' title="bbox 931 5525 1720 5887">
    <p class='ocr_par' dir='ltr' id='par_1_24' title="bbox 931 5525 1720 5815">
     <span class='ocr_line' id='line_1_116' title="bbox 933 5525 1719 5602; baseline -0.01 -17"><span class='ocrx_word' id='word_1_822' title='bbox 933 5532 1003 5602; x_wconf 86' lang='lat' dir='ltr'>quod</span> <span class='ocrx_word' id='word_1_823' title='bbox 1027 5529 1134 5596; x_wconf 87' lang='lat' dir='ltr'>quidem</span> <span class='ocrx_word' id='word_1_824' title='bbox 1148 5543 1180 5582; x_wconf 93' lang='lat' dir='ltr'>ex</span> <span class='ocrx_word' id='word_1_825' title='bbox 1201 5527 1329 5583; x_wconf 81' lang='lat' dir='ltr'>Vaticano</span> <span class='ocrx_word' id='word_1_826' title='bbox 1351 5531 1442 5585; x_wconf 92' lang='lat' dir='ltr'>codice</span> <span class='ocrx_word' id='word_1_827' title='bbox 1459 5525 1719 5582; x_wconf 85' lang='lat' dir='ltr'>Commentariorum</span> 
     </span>
     <span class='ocr_line' id='line_1_117' title="bbox 933 5593 1720 5666; baseline -0.01 -8"><span class='ocrx_word' id='word_1_828' title='bbox 933 5603 995 5659; x_wconf 83' lang='lat' dir='ltr'>tatii</span> <span class='ocrx_word' id='word_1_829' title='bbox 1020 5602 1135 5656; x_wconf 80' lang='lat' dir='ltr'>Caesaris</span> <span class='ocrx_word' id='word_1_830' title='bbox 1163 5598 1319 5663; x_wconf 89' lang='lat' dir='ltr'>didicimus,</span> <span class='ocrx_word' id='word_1_831' title='bbox 1346 5600 1372 5651; x_wconf 95' lang='lat' dir='ltr'>in</span> <span class='ocrx_word' id='word_1_832' title='bbox 1396 5612 1449 5666; x_wconf 83' lang='lat' dir='ltr'>quo</span> <span class='ocrx_word' id='word_1_833' title='bbox 1475 5597 1507 5651; x_wconf 91' lang='lat' dir='ltr'>ad</span> <span class='ocrx_word' id='word_1_834' title='bbox 1535 5596 1595 5650; x_wconf 92' lang='lat' dir='ltr'>libri</span> <span class='ocrx_word' id='word_1_835' title='bbox 1617 5593 1720 5651; x_wconf 86' lang='lat' dir='ltr'>calcent</span> 
     </span>
     <span class='ocr_line' id='line_1_118' title="bbox 933 5661 1719 5740; baseline -0.01 -11"><span class='ocrx_word' id='word_1_836' title='bbox 933 5675 1077 5740; x_wconf 89' lang='lat' dir='ltr'>ascriptum</span> <span class='ocrx_word' id='word_1_837' title='bbox 1091 5678 1165 5724; x_wconf 88' lang='lat' dir='ltr'>erat:</span> <span class='ocrx_word' id='word_1_838' title='bbox 1177 5667 1265 5724; x_wconf 78' lang='lat' dir='ltr'>tultus</span> <span class='ocrx_word' id='word_1_839' title='bbox 1277 5669 1365 5724; x_wconf 82' lang='lat' dir='ltr'>Celent</span> <span class='ocrx_word' id='word_1_840' title='bbox 1380 5668 1559 5724; x_wconf 77' lang='lat' dir='ltr'>Constantinus</span> <span class='ocrx_word' id='word_1_841' title='bbox 1573 5663 1633 5739; x_wconf 83' lang='lat' dir='ltr'>legi.</span> <span class='ocrx_word' id='word_1_842' title='bbox 1653 5661 1719 5721; x_wconf 71' lang='lat' dir='ltr'>flet·</span> 
     </span>
     <span class='ocr_line' id='line_1_119' title="bbox 931 5738 1477 5815; baseline -0.005 -14"><span class='ocrx_word' id='word_1_843' title='bbox 931 5748 987 5801; x_wconf 85' lang='lat' dir='ltr'>nius</span> <span class='ocrx_word' id='word_1_844' title='bbox 999 5743 1111 5798; x_wconf 85' lang='lat' dir='ltr'>Licerius</span> <span class='ocrx_word' id='word_1_845' title='bbox 1122 5739 1253 5795; x_wconf 82' lang='lat' dir='ltr'>Firminus</span> <span class='ocrx_word' id='word_1_846' title='bbox 1265 5738 1403 5810; x_wconf 74' lang='lat' dir='ltr'>Lupicinus</span> <span class='ocrx_word' id='word_1_847' title='bbox 1418 5739 1477 5815; x_wconf 78' lang='lat' dir='ltr'>teqt.</span> 
     </span>
    </p>

    <p class='ocr_par' dir='ltr' id='par_1_25' title="bbox 967 5810 1236 5887">
     <span class='ocr_line' id='line_1_120' title="bbox 967 5810 1236 5887; baseline -0.037 -15"><span class='ocrx_word' id='word_1_848' title='bbox 967 5813 1165 5887; x_wconf 78' lang='lat' dir='ltr'>&#39;Fortediqnu</span> <span class='ocrx_word' id='word_1_849' title='bbox 1233 5810 1236 5817; x_wconf 84' lang='lat'>&#39;</span> 
     </span>
    </p>
   </div>
   <div class='ocr_carea' id='block_1_23' title="bbox 0 0 1958 6180">
    <p class='ocr_par' dir='ltr' id='par_1_26' title="bbox 0 0 1958 6180">
     <span class='ocr_line' id='line_1_121' title="bbox 0 0 1958 6180; baseline 0 0"><span class='ocrx_word' id='word_1_850' title='bbox 0 0 1958 6180; x_wconf 95' lang='lat' dir='ltr'> </span> 
     </span>
    </p>
   </div>
  </div>
 </body>
</html>
