3906 6180
222 310 274 369 iii
558 268 561 275 .
743 304 746 310 '
780 304 915 363 ttbn'obtt
937 305 1088 367 ertscout
1107 306 1297 366 itemedsts
1803 307 1857 364 280

223 433 341 483 remanet
362 425 454 483 strlcta
469 422 628 482 lnslnuallo.
648 420 831 493 Propingnum
855 421 888 494 sd
902 429 928 477 te
946 434 1012 475 con·
1027 427 1055 483 Α
1067 424 1219 492 expendere
1229 424 1332 496 origine
1347 424 1482 496 serpentis
1496 423 1587 489 rivuli,
1603 423 1648 493 qui
1668 421 1810 491 scalpente
1823 427 1856 481 ed

226 610 291 679 Qum
305 625 350 667 res
363 610 429 666 mihi
440 609 563 666 aflectum
580 611 655 679 pueri
670 607 780 676 iaciant,
793 608 849 679 jam
863 610 971 666 tenetis.
987 608 1016 666 Si
1067 605 1197 662 collectus
1216 606 1320 674 alueus,
1336 608 1400 679 quid
1417 609 1453 666 sit
1468 608 1513 664 ubi
1527 608 1648 663 nascitur
1668 605 1817 677 aestimare,
1831 619 1860 669 et

142 694 144 698 ⁸
175 722 190 788 Q
223 701 394 760 necessitudo
408 700 561 771 respicitur,
575 700 644 757 liber
657 702 692 756 ab
705 716 797 757 amore
811 717 872 757 esse
885 717 939 757 uon
950 693 1014 772 pos·
1069 699 1142 753 vires
1163 697 1282 754 fluminis
1297 714 1352 754 εοε
1371 697 1663 770 dobisgueaecepit,
1679 699 1727 754 sed
1745 699 1780 756 de
1802 699 1857 759 illis

222 807 281 850 sum
298 792 339 848 :si
354 793 440 861 pietas
454 792 539 846 amica
553 793 701 862 proposito,
723 794 807 848 nostri
823 794 891 849 liunt
908 794 954 848 lrlii
969 793 1015 864 qui
1066 804 1127 857 uuor
1139 789 1225 858 potuit
1237 790 1387 861 accepisse,
1409 791 1547 862 colligere.
1561 789 1706 857 Quorsum,
1718 794 1859 850 venerabi·

221 891 364 954 parentum
385 898 495 942 suorum
513 885 637 954 presidio
653 885 834 941 denudantur.
851 885 939 942 linum
950 900 1014 956 ergo
1066 882 1100 939 lis
1111 884 1250 954 magister,
1266 882 1401 940 libertatis
1415 883 1506 953 indes,
1522 884 1586 941 boni
1602 884 1784 942 testinnonium
1797 902 1860 944 san·

220 973 357 1030 vinculum
371 974 475 1030 uenita
497 976 621 1046 prosapie
637 994 643 1029 :
659 977 714 1031 alio
731 991 781 1032 nos
796 976 940 1047 adstringit
952 977 1015 1033 oili·
1066 975 1165 1047 guinis,
1189 978 1359 1047 ingeniomm
1381 979 1456 1046 lima,
1475 977 1620 1036 fabricator
1641 992 1778 1047 sensuum,
1800 979 1859 1038 bore

220 1065 303 1123 cium.
329 1067 454 1138 Respice,
480 1070 644 1126 uenerabilis
668 1070 805 1140 magister,
831 1079 869 1126 ιει
890 1086 940 1143 pro
963 1074 1015 1128 lsto
1065 1069 1147 1125 rerba
1162 1070 1351 1140 praemiserim,
1366 1071 1389 1126 si
1404 1070 1542 1142 requiram
1555 1084 1598 1126 ure
1613 1085 1658 1127 rue
1672 1071 1859 1138 locutussum.

220 1159 356 1229 supplices
370 1174 477 1227 marrus,
494 1171 521 1217 et
536 1161 562 1215 in
578 1173 626 1230 spe
637 1162 741 1231 paruuli
756 1162 871 1231 majores
886 1164 956 1232 eius,
972 1176 1016 1218 me
1066 1159 1162 1230 iateor,
1178 1176 1222 1219 me
1240 1162 1340 1235 digessi
1357 1180 1364 1219 ε
1378 1178 1459 1236 quem
1485 1164 1557 1219 inter
1575 1164 1687 1220 inscitie
1701 1165 1860 1222 dormientis

221 1262 303 1322 teque
315 1254 467 1311 considera.
483 1253 575 1310 Genus
585 1264 626 1311 est
637 1254 772 1325 singulare
784 1256 871 1312 laudis
885 1257 912 1310 in
922 1255 1015 1311 docto·
1065 1252 1205 1310 inlautirm
1220 1256 1412 1326 occupationes
1426 1256 1508 1312 varie
1521 1265 1550 1311 et
1564 1256 1671 1312 tristitia
1684 1255 1761 1313 lortis
1774 1257 1860 1327 impe·

219 1347 306 1414 ribus,
327 1347 452 1420 discipuli
468 1348 595 1404 eruditio.
618 1348 732 1405 eelrillls
746 1348 834 1418 lingua
850 1347 952 1403 Chiron
975 1347 1016 1401 in·
1066 1345 1136 1402 ritiee
1154 1355 1241 1404 mater
1255 1349 1391 1420 oppressit
1407 1367 1413 1402 ε
1428 1350 1471 1404 cui
1486 1363 1540 1405 non
1559 1348 1639 1404 datur
1653 1349 1728 1405 duris
1752 1348 1859 1407 solvere

220 1441 309 1497 notuit
323 1458 331 1503 ;
348 1442 410 1498 lecit
424 1443 547 1514 sequacis
562 1443 689 1498 meritum
703 1442 860 1512 opinionem
872 1441 945 1496 illius
956 1439 1015 1511 plus
1065 1442 1135 1498 eolla
1149 1443 1297 1510 laboribus,
1311 1453 1340 1500 ut
1351 1443 1502 1500 studiorum
1514 1445 1614 1514 lupatis
1627 1458 1674 1500 ors
1685 1443 1858 1501 decorentur.
1921 1448 1928 1457 '

220 1533 317 1600 emani,
328 1533 406 1604 cujus
418 1549 467 1606 per
486 1549 515 1589 se
528 1534 597 1590 lorte
611 1534 735 1590 facundia
755 1535 781 1588 in
796 1533 884 1588 lucem
898 1547 952 1587 non
967 1545 1016 1601 po·
1065 1534 1140 1590 licus
1160 1550 1251 1592 sermo
1263 1536 1335 1607 quod
1356 1536 1453 1592 scaber
1466 1544 1518 1603 est,
1537 1545 1566 1591 et
1578 1535 1653 1590 nullo
1667 1534 1860 1607 splendescens
1887 1523 1889 1527 ’

220 1625 317 1681 ruisset
339 1625 425 1681 exire.
452 1626 526 1681 llaro
541 1636 631 1681 uester
654 1626 736 1680 tantis
758 1625 927 1680 institutores
951 1635 1015 1678 suos
1065 1625 1193 1683 dictionis
1216 1629 1319 1697 attritu,
1336 1628 1521 1699 intelligentie
1541 1636 1582 1683 est
1602 1636 1631 1684 et
1649 1627 1773 1684 exercitii
1787 1627 1858 1699 qood

219 1714 429 1784 commendarit,
445 1716 551 1787 quantis
567 1717 625 1786 ipse
645 1726 726 1772 notus
747 1726 789 1772 est
805 1714 1015 1774 :etcerteillos
1065 1719 1186 1775 dedisco.
1209 1721 1249 1777 'le
1272 1723 1343 1778 inter
1369 1723 1495 1793 palestra
1520 1730 1564 1777 tua
1589 1719 1733 1792 originaria
1761 1720 1860 1792 lingue
1911 1746 1914 1751 ·

219 1808 375 1879 permerito
389 1821 437 1863 sua
458 1809 528 1864 lama
544 1824 597 1864 non
618 1809 746 1879 prodidit.
764 1812 942 1886 Hieronymus
963 1835 1014 1875 rm.
1030 1799 1154 1882 Bpalma
1174 1812 1323 1869 sollicitat:
1340 1822 1367 1870 te
1379 1815 1449 1870 inter
1471 1813 1556 1878 ciros,
1571 1813 1624 1869 mei
1640 1814 1792 1878 immemor,
1814 1829 1861 1868 su·

219 1908 288 1968 ster,
305 1899 357 1955 nisi
371 1909 563 1970 preceptorem
576 1916 653 1957 suurn
667 1902 952 1977 Gregoriumdieeret,
967 1911 1014 1968 illo
1067 1904 1149 1974 uerba
1164 1905 1246 1962 belus
1264 1915 1435 1962 annumerat.
1456 1905 1497 1962 'lu
1520 1904 1631 1962 castalii
1645 1905 1757 1977 gurgitis
1771 1905 1860 1963 lautus

219 1993 317 2051 melior
327 2003 484 2051 censeretur
500 1994 568 2051 :sed
583 1996 622 2052 illi
637 1998 795 2068 applicanda
808 2009 871 2056 sunt
885 2001 953 2058 buna
963 2019 1013 2059 no·
1066 2012 1207 2068 possessor
1228 1999 1348 2065 incedis;
1364 2008 1392 2056 ct
1406 2014 1456 2071 ego
1477 2002 1527 2055 uix
1547 1999 1688 2056 arentibus
1703 1998 1780 2055 labiis
1800 1999 1861 2055 stil-

220 2090 334 2157 minati,
362 2105 377 2145 a
402 2106 456 2162 quo
485 2091 636 2162 sumpsisse
658 2091 784 2148 ridentur
810 2094 952 2166 originem,
984 2096 1014 2153 tp
1066 2090 1166 2149 tantem
1184 2101 1288 2161 guttam
1300 2091 1412 2148 marcidi
1426 2091 1539 2163 liquoris
1564 2091 1686 2148 inlundo.
1702 2090 1741 2148 Τε
1762 2091 1861 2148 sudore

219 2196 337 2251 summa,
351 2191 381 2238 ut
391 2182 460 2249 dixi,
474 2183 576 2241 coelum
586 2184 674 2252 pulsat
688 2185 809 2254 magistri
820 2186 913 2255 opinio
926 2187 1015 2258 perle-
1065 2184 1205 2251 continuo,
1220 2184 1294 2240 nulla
1308 2183 1467 2240 diversitate
1487 2183 1691 2255 interpellante,
1708 2191 1801 2254 utpote
1815 2198 1861 2241 co·

219 2275 308 2333 ctione
322 2275 459 2346 dlsoipoli.
483 2275 560 2346 bpud
583 2275 714 2332 scientem
730 2291 821 2332 rerum
841 2293 895 2334 non
915 2279 1015 2349 objicio
1066 2274 1158 2331 ionum
1172 2290 1261 2342 suum,
1285 2275 1417 2332 doctrine
1442 2276 1539 2334 messis
1554 2277 1709 2347 anrplillcat.
1733 2277 1768 2332 llt
1790 2276 1855 2332 mibi

162 2420 172 2438 χ
220 2368 398 2439 oblivionem,
413 2371 476 2441 quta
488 2378 551 2426 nora
566 2384 748 2427 commemoro
761 2389 768 2426 ι
780 2387 859 2428 aram
876 2383 939 2430 sunt
952 2385 1014 2433 vota
1066 2368 1111 2423 viz
1127 2365 1161 2422 ie
1175 2381 1332 2439 magnorum
1348 2367 1453 2424 nonen
1474 2381 1577 2438 pauper
1591 2367 1667 2424 tacut
1688 2381 1751 2423 eser
1767 2367 1859 2438 porri·

221 2460 393 2532 diligentum.
409 2460 495 2530 Deum
509 2476 617 2532 precor,
634 2474 663 2518 ut
677 2463 774 2519 studiis
788 2465 889 2521 uestris
899 2467 1014 2536 gratiam
1065 2462 1149 2535 gitur.
1171 2461 1211 2518 'lu
1225 2462 1252 2518 in
1273 2462 1497 2529 sustentationem
1520 2457 1633 2518 ruiturar‘
1650 2462 1782 2518 libertatis
1797 2462 1861 2519 ielis

221 2568 298 2610 suam
310 2554 437 2613 cumbum
456 2555 560 2626 jungat,
578 2566 606 2613 ut
621 2572 689 2628 qtros
704 2573 719 2612 a
733 2573 777 2614 me
791 2559 924 2617 limandos
938 2575 1016 2618 occe·
1066 2555 1179 2612 dextera
1202 2555 1360 2628 subrogaris
1383 2573 1391 2612 r
1416 2568 1461 2612 me
1489 2555 1618 2611 Ecclesiae
1640 2556 1754 2626 angulus
1776 2557 1860 2611 etiam

220 2647 299 2719 pisti,
311 2647 479 2709 doctissimos
494 2650 593 2706 reddas
610 2660 658 2706 :et
671 2651 778 2708 illorum
793 2653 910 2709 eruditio
923 2662 1015 2711 restra
1066 2648 1136 2703 bono
1161 2657 1324 2705 metuentem
1349 2646 1441 2703 secuti
1466 2649 1606 2717 presentis
1628 2647 1749 2703 includit.
1773 2649 1856 2714 Quid,

222 2740 330 2812 guidem
345 2741 443 2813 gloria,
456 2742 503 2799 sed
516 2758 605 2798 meum
620 2743 755 2800 elliciatur
769 2743 941 2817 obsequium.
1066 2757 1143 2813 rogo,
1168 2742 1254 2797 risum
1275 2750 1318 2796 est
1330 2740 1432 2796 dudum
1446 2741 1560 2812 insignia
1576 2740 1736 2813 eloquentie
1752 2749 1813 2823 tue·
1831 2743 1857 2796 in

530 2832 642 2890 btctto
661 2833 707 2891 lx.
1067 2848 1112 2890 me
1136 2843 1191 2889 tam
1210 2821 1290 2904 longe
1308 2832 1427 2905 positum
1450 2834 1544 2890 ocules
1565 2832 1718 2890 destinare?
1742 2832 1861 2890 Fuerunt

240 2923 249 2958 ¹
264 2922 391 2996 Preiotio
400 2926 505 2996 quoodo
520 2927 614 2981 Arator
630 2927 789 2982 auditorium
802 2929 934 3000 ingressus
949 2937 996 2986 ert.
1027 2926 1030 2932 '
1066 2926 1152 2998 magis
1171 2923 1228 2990 alii,
1242 2940 1311 2998 quos
1324 2925 1451 2983 dictionis
1466 2935 1520 2982 tum
1533 2935 1693 2983 ornamenta
1713 2941 1859 2998 compeno-

464 3035 640 3077 seuotnsrrot
659 3038 767 3078 rrnrrr.
1067 3026 1138 3088 rent,
1152 3018 1247 3089 quibus
1263 3018 1408 3076 verborum
1423 3019 1540 3088 pbalerae
1556 3034 1605 3090 per
1616 3018 1733 3075 Latiales
1748 3020 1859 3090 elegan-

255 3107 353 3165 ttonrn
374 3113 560 3170 concussere
573 3115 743 3185 minelum,
759 3117 831 3186 qnod
848 3116 955 3174 diceret
971 3121 1013 3174 ta·
1067 3110 1120 3168 urs
1132 3110 1271 3183 acquisitos
1285 3110 1418 3167 victurum
1439 3118 1466 3167 et
1483 3110 1553 3182 anui
1569 3120 1693 3181 posteros
1709 3125 1807 3167 norrun
1820 3114 1861 3167 ot-

221 3198 315 3257 borem
331 3204 500 3272 negotiorum
518 3204 592 3260 terim
604 3207 720 3277 pariam,
735 3216 763 3263 et
773 3210 920 3267 eliminatis
934 3225 1013 3267 cum.
1027 3165 1052 3232 c
1067 3201 1180 3259 lerrent.
1196 3201 1239 3258 lle
1254 3201 1335 3258 tacito
1348 3201 1436 3258 teneri
1449 3210 1553 3257 tantum
1566 3203 1691 3258 cunr-enit
1707 3201 1804 3258 allecto
1817 3203 1860 3259 di·

220 3305 282 3347 rum
297 3294 423 3361 procellis
437 3296 589 3350 orationum
606 3309 702 3351 serena
722 3297 785 3367 plus
799 3299 920 3356 rutilent.
937 3302 1015 3358 Diem
1067 3296 1119 3350 clii
1134 3295 1264 3364 imbirem
1280 3301 1309 3351 et
1322 3294 1421 3350 officiii
1435 3302 1642 3362 sequestratum.
1657 3293 1727 3362 Quid
1748 3296 1862 3367 eligeris

134 3399 136 3404 ·
221 3396 301 3438 suum
322 3383 441 3454 ingenia,
467 3383 519 3440 nisi
543 3387 747 3456 occupationem
767 3391 874 3446 nebulis
902 3392 1015 3460 tnsmm,
1067 3385 1173 3441 animos
1187 3400 1256 3455 quos
1279 3384 1422 3452 alterium
1445 3385 1497 3441 sibi
1513 3386 1577 3441 vitm
1599 3385 1667 3442 ordo
1688 3387 1862 3445 subdiderat?

221 3489 276 3531 non
303 3476 420 3545 perdunt
434 3495 442 3531 ε
455 3477 652 3535 sententiarum
664 3479 746 3550 jubar
767 3496 831 3537 eura
854 3496 953 3540 uacuos
973 3499 1016 3542 re·
1067 3476 1137 3545 0⁰³⁶
1152 3477 1186 3533 id
1201 3477 1374 3533 lemtim
1391 3492 1439 3548 per
1453 3476 1533 3548 ¹0¹iti²
1548 3479 1644 3535 stillim
1665 3479 1804 3536 inlitiilli
1820 3481 1861 3536 di·

221 3568 355 3638 spicit„et
368 3568 508 3638 expeditus
526 3569 634 3626 animos
650 3571 876 3631 declamationum
891 3592 1016 3646 pompam
1067 3579 1184 3627 stantem
1209 3569 1357 3633 bominem,
1373 3571 1444 3641 apud
1465 3583 1545 3640 qoem
1568 3573 1638 3629 sicut
1658 3572 1733 3629 neias
1747 3584 1789 3630 est
1806 3590 1859 3631 non

221 3658 403 3714 commendat.
419 3659 470 3728 Qui
493 3676 565 3718 ceca
580 3662 663 3720 remis
687 3667 846 3722 temerarius
864 3668 933 3724 lreta
948 3684 1016 3740 pro·
1067 3664 1201 3721 meruisse
1220 3662 1333 3730 laudari,
1357 3662 1393 3718 ita
1416 3661 1518 3720 crimen
1533 3664 1616 3722 luisse
1636 3664 1790 3722 laudatum?
1803 3667 1861 3725 Tua

220 3749 332 3816 scindit,
349 3751 449 3807 nudum
463 3752 645 3811 sollieitudine
657 3755 850 3826 gubernaculis
864 3767 958 3830 pectus
972 3775 1017 3816 ac·
1067 3762 1140 3821 sont.
1156 3763 1212 3823 ωδε
1236 3768 1270 3810 ¹¹⁰
1284 3752 1388 3820 dubita,
1410 3764 1458 3811 aut
1469 3768 1577 3824 i⁰i¹1¹¹¹2
1595 3755 1618 3811 ⁸5
1634 3764 1724 3811 tumen
1746 3757 1860 3812 inlinisi

222 3843 378 3900 commodat
399 3852 450 3899 :ct
470 3845 540 3901 clari
562 3846 682 3917 regimen
704 3848 762 3903 sola
785 3864 838 3921 gua
858 3852 1016 3922 magistrum
1069 3847 1208 3921 potuerint
1230 3848 1277 3919 qui
1289 3855 1447 3919 sequuntur.
1460 3847 1500 3903 rltl
1514 3846 1744 3905 adolescentulum
1759 3857 1859 3915 temen,

221 3933 300 3990 ueris
319 3933 456 4002 conuenit,
474 3936 646 4007 inquisitione
657 3939 809 4008 perpendit.
823 3940 899 3998 'lunc
921 3949 1017 4011 stupea
1068 3955 1148 4012 quem
1162 3939 1304 4010 praesentis
1317 3938 1370 3996 diei
1385 3939 1526 3996 sudrturiis
1547 3940 1599 3996 tuis
1620 3941 1740 4012 auspicia
1754 3941 1862 3998 dedica-

224 4029 254 4085 ln
268 4038 364 4086 ventos
387 4043 421 4084 ex
440 4039 504 4086 roto
523 4027 600 4086 irena
623 4029 747 4086 laxantur
763 4048 770 4086 :
786 4040 851 4088 tunc
871 4033 1014 4089 rudentum
1068 4039 1141 4097 runt,
1158 4046 1218 4086 cum
1233 4045 1288 4102 quo
1303 4030 1368 4087 milri
1380 4030 1459 4101 petili
1472 4031 1584 4089 tutantia
1597 4033 1732 4099 convenit,
1746 4033 1768 4086 si
1783 4034 1861 4088 renio

221 4122 337 4180 vinculis
358 4123 405 4179 diu
421 4123 505 4180 libere
522 4125 607 4179 maria
626 4125 790 4194 vinciuntur,
814 4134 844 4183 et
861 4126 1017 4197 imperiosis
1068 4138 1113 4180 me
1125 4123 1242 4188 donatis,
1257 4122 1342 4180 rerba
1357 4133 1497 4180 converto.
1511 4122 1592 4193 Cuius
1607 4120 1753 4193 primordio
1763 4137 1860 4192 quam·

221 4215 353 4271 undarum
382 4214 498 4272 cumulis
523 4215 605 4272 bomo
632 4216 820 4274 dominaturus
848 4218 1015 4289 ingreditur,
1069 4216 1110 4272 ris
1125 4215 1286 4272 infabricato
1298 4230 1425 4273 sermone
1439 4216 1863 4287 commendem,intperiisarr.o·

220 4309 325 4364 riarum
338 4309 440 4366 incerto
453 4309 533 4365 astris
547 4309 749 4367 recludentibus
768 4312 922 4382 agniturus.
938 4312 1016 4371 lunc
1069 4307 1108 4365 ris
1121 4321 1248 4365 excusor.
1265 4307 1323 4366 sun
1339 4307 1432 4380 iugum
1446 4308 1561 4364 mittitur
1574 4306 1726 4365 dilectionis
1744 4310 1863 4364 necesst-

221 4399 423 4473 Pbospborum,
439 4402 572 4472 Pleiadas,
584 4405 762 4476 Cynosuram,
779 4416 808 4462 et
820 4406 949 4478 quidquid
966 4407 1017 4464 iter
1072 4408 1126 4459 tote
1145 4402 1284 4459 constricti
1302 4419 1308 4456 :
1324 4410 1351 4458 et
1364 4401 1428 4458 dum
1447 4401 1519 4459 caris
1532 4400 1722 4473 prospicimus,
1735 4402 1798 4472 quid
1813 4416 1862 4457 nos

220 4505 357 4553 monstrat
375 4497 534 4568 inspiciens,
547 4497 582 4553 ad
596 4498 658 4555 coeli
673 4499 783 4555 ductum
798 4498 877 4556 callis
898 4500 1016 4557 bominis
1069 4494 1166 4551 deccat
1185 4509 1237 4550 non
1257 4492 1391 4550 ridemus.
1416 4493 1492 4550 ilunc
1505 4494 1568 4550 licct
1590 4504 1700 4566 paterno
1726 4493 1865 4552 debuisset

221 4587 376 4656 ordinatum
391 4590 415 4645 si
426 4597 517 4646 tannen
533 4605 610 4647 mens
621 4591 697 4647 nullo
708 4600 845 4649 extraneae
858 4592 1015 4664 occupatio·
1068 4588 1156 4644 oratio
1170 4587 1295 4660 prosequi
1309 4596 1436 4644 :nonest
1450 4596 1539 4644 tamen
1554 4597 1657 4667 apatre
1671 4589 1759 4644 aliena
1783 4603 1864 4660 qrrnrn

221 4680 265 4738 uis
286 4683 443 4740 mordeatur
466 4685 612 4756 ambiguo;
632 4699 683 4741 nec
703 4684 921 4757 peregrinantem
944 4687 1017 4744 npti-
1069 4681 1191 4752 porrigo.
1207 4678 1306 4736 liebuit
1319 4679 1378 4746 tibi,
1393 4687 1492 4746 macte,
1512 4679 1663 4737 orationem
1685 4681 1818 4752 prolessiu
1836 4689 1865 4736 et

220 4773 286 4827 tiam
306 4777 435 4845 magister
449 4776 556 4833 inertior
579 4791 681 4834 atteror
703 4777 815 4850 aiiiigat.
839 4779 915 4847 Quod
931 4776 954 4834 si
969 4787 1016 4835 aut
1068 4787 1140 4829 urea.
1156 4771 1231 4829 Felix
1245 4771 1315 4828 istnd
1327 4771 1446 4828 nominis
1458 4771 1527 4841 apud
1543 4771 1639 4828 doctos
1651 4772 1813 4841 auspicium,
1824 4770 1866 4824 di·

219 4863 299 4935 pigro
310 4875 419 4936 torpore
439 4869 581 4925 hebetatus
593 4868 701 4926 animus
715 4868 843 4939 dormiat,
860 4879 906 4926 unt
920 4870 1015 4927 diuer-
1069 4864 1151 4920 tando
1165 4862 1287 4920 scientie
1302 4861 1425 4935 lrugibus
1439 4862 1561 4921 laborem
1576 4863 1647 4919 circa
1664 4863 1754 4918 studia
1771 4877 1865 4918 neces·

219 4955 259 5011 sis
273 4956 394 5012 excitans
408 4960 524 5017 stimulis
534 4976 583 5031 per
594 4962 672 5019 deria
686 4961 863 5030 distrahatur,
878 4964 966 5021 nescit
979 4964 1014 5020 ad
1069 4955 1172 5012 titium
1189 4954 1321 5026 promittit
1335 4964 1365 5012 ti
1374 4955 1494 5012 immine·
1507 4953 1603 5021 Findi,
1616 4953 1774 5010 idsslisiini
1786 4968 1866 5021 eiii·

220 5046 391 5118 propositum
411 5063 489 5105 suum
517 5061 589 5108 totus
611 5067 766 5119 occurrere,
790 5053 868 5123 cujus
893 5054 1014 5110 membra
1071 5048 1124 5121 gie,
1142 5049 1283 5120 pingnium
1296 5046 1522 5104 concremarem
1540 5065 1547 5104 ε
1562 5047 1685 5117 imprime
1699 5045 1807 5100 deotenr
1820 5059 1866 5098 on-

221 5136 373 5209 prudentiar
393 5138 490 5196 lanista
514 5143 665 5200 animarum
691 5159 754 5200 cura
769 5143 909 5216 discerpit.
925 5144 1015 5202 lnelll·
1071 5141 1154 5198 meris
1175 5139 1281 5197 nouella
1301 5137 1391 5195 rdine
1411 5137 1508 5195 incude
1530 5138 1693 5195 lormatum:
1717 5150 1814 5191 exerce
1839 5135 1865 5191 in

218 5242 269 5287 ccx
288 5245 398 5303 semper
410 5240 463 5300 est,
478 5240 532 5288 ets
549 5235 627 5290 molis
646 5250 704 5291 suae
719 5236 871 5293 valetudine
885 5237 1016 5294 dissocia·
1069 5238 1224 5295 studiorum
1251 5236 1310 5294 solo
1334 5234 1461 5307 quidquid
1483 5235 1615 5306 optimum
1630 5232 1756 5288 corn-enit
1778 5240 1867 5286 arato·

219 5328 264 5381 tus
277 5325 440 5392 ostenditur,
454 5325 499 5396 qui
513 5339 566 5381 non
583 5335 680 5396 potest,
692 5338 811 5400 quantus
826 5339 878 5398 est,
895 5345 947 5385 una
960 5339 1015 5387 tra·
1071 5346 1143 5390 εειε.
1166 5330 1196 5387 Si
1214 5336 1351 5388 scrutatus
1367 5329 1476 5399 ponitus
1493 5327 1578 5384 lucris
1600 5325 1741 5383 latentium
1761 5336 1866 5382 secrete

163 5462 166 5467 .
220 5424 341 5475 statuunt
356 5418 442 5475 lerata
461 5427 623 5475 monstrare.
639 5419 688 5476 Est
710 5428 798 5479 tomen
813 5422 877 5478 boni
890 5422 1013 5481 doctoris
1069 5435 1241 5493 camporum,
1263 5418 1386 5478 invenies
1408 5418 1462 5476 irlic
1480 5417 1645 5485 beuterium,
1669 5417 1715 5491 qui
1743 5416 1868 5475 ubertate

256 5576 265 5608 ¹
282 5575 408 5649 Preiotio
426 5578 530 5652 puondo
558 5578 654 5635 erutor
674 5579 847 5657 auditorium]
870 5580 934 5641 llaee
960 5589 1015 5640 tota
1074 5577 1136 5649 quis
1160 5584 1190 5630 ut
1203 5574 1238 5632 ad
1258 5573 1386 5648 epistolas
1405 5573 1577 5632 observatum
1596 5583 1649 5641 est,
1674 5574 1772 5657 tlrator
1790 5585 1867 5630 extra

218 5660 292 5702 nunc
306 5652 421 5718 primum
436 5652 464 5706 io
477 5651 565 5708 lucem
584 5660 659 5708 eruta
674 5666 707 5717 ex
723 5653 914 5720 manuscriptis
927 5671 934 5708 :
947 5654 1014 5712 seri·
1072 5646 1209 5719 Liguriam
1230 5662 1285 5702 non
1308 5644 1434 5702 studuit:
1450 5655 1478 5702 ει
1501 5660 1561 5717 puae
1576 5645 1611 5702 de
1624 5646 1752 5703 beutertn
1767 5649 1866 5713 passim

218 5724 265 5787 pto
288 5717 314 5772 in
335 5723 447 5788 gratiam
467 5723 599 5790 Aratoris,
626 5737 687 5780 cum
710 5722 829 5779 liouterii
844 5724 1013 5795 grammatici
1073 5718 1239 5787 scribuntur,
1263 5717 1297 5774 sd
1319 5716 1510 5785 llediclanum,
1531 5716 1576 5773 ubi
1598 5718 1718 5774 scholam
1739 5717 1865 5776 babebat.
1914 5747 1916 5751 ·

223 5787 369 5848 liediolanl
382 5789 533 5868 discipline
552 5793 713 5862 traderetur.
729 5792 872 5862 ttedirtani
890 5796 1011 5868 ingram,
1061 5789 1303 5854 'retemperant
