3906 6180
241 305 274 374 ιι
806 295 944 356 suuoou
960 289 1110 351 srtscont
1131 286 1319 347 xtmunttsts
1837 280 1872 335 oe

240 421 307 477 stola
328 433 387 477 mea
410 417 523 483 sentias,
545 420 592 469 aut
610 409 791 466 taciturnitate
814 417 860 461 aut
880 380 1027 475 scriptione
1043 404 1065 462 Α
1082 411 1154 465 tum,
1170 408 1199 454 ut
1213 412 1262 453 nec
1276 392 1414 451 benefacta
1436 393 1553 462 ipsorum
1566 392 1637 462 justa
1652 390 1872 458 interpretatione

241 508 391 578 ratultiplici.
1081 505 1224 563 pensares3
1241 503 1291 544 nee
1306 501 1432 544 excessus
1444 485 1532 541 debita
1546 494 1648 538 tantum
1660 481 1871 552 reprehensione

423 618 427 625 ·
494 589 659 650 betslota
679 588 762 644 xliv,
1080 584 1241 653 corriperes.
1257 580 1309 637 Sed
1322 579 1386 649 quid
1401 593 1468 650 opus
1483 586 1524 633 est
1544 577 1645 631 doloris
1657 575 1797 645 epistolam
1814 576 1871 629 lieri

424 694 429 700 ’
491 698 619 740 cnsonrus
639 697 778 738 nocerem.
1079 671 1250 742 longiorem?
1270 670 1405 739 ingenium
1427 677 1546 722 restrum
1562 666 1632 720 nulla
1653 664 1753 735 eioqnii
1775 666 1873 733 pomrit

266 781 302 840 lu
320 779 435 835 sta:ione
453 776 522 847 apud
537 790 586 830 vos
602 789 655 830 non
672 786 733 829 esse
747 772 859 843 gratiam
872 779 969 839 potest,
983 768 1028 838 qui
1080 772 1185 818 mutare
1198 761 1344 817 allluentia.
1362 758 1437 827 Quod
1453 766 1552 823 restat,
1568 756 1639 823 rate,
1655 756 1690 810 mi
1709 755 1830 822 domina,
1843 768 1871 812 et

239 871 291 930 tide
304 866 416 923 claudus
431 874 484 933 est,
505 863 660 920 aestimare:
677 864 738 918 tolo
753 872 841 915 tamen
858 859 891 913 ad
913 859 1027 930 diligen·
1080 860 1161 923 prout
1174 850 1298 921 expedit,
1317 849 1439 905 ordinem
1451 849 1511 928 rite
1528 846 1663 916 animique
1677 847 1873 917 campanella

239 962 281 1014 tiae
301 958 483 1014 testimouium
503 957 639 1026 prorogari
657 953 835 1022 frequentiam
857 951 1028 1005 litterarum:
1081 952 1171 1000 tamen
1181 941 1432 1014 Lupicinonoueris,
1442 956 1493 996 non
1503 939 1572 1010 quod
1584 939 1630 995 tibi
1641 940 1737 1010 debeo,
1747 940 1792 995 sed
1801 939 1872 1011 quod

238 1063 271 1102 ne
286 1049 391 1104 antimus
406 1047 440 1103 de
459 1046 575 1101 amantis
599 1045 776 1113 prosperitate
799 1042 940 1106 sollicitus,
965 1040 1030 1094 dum
1078 1032 1177 1089 anime
1192 1049 1258 1089 meae
1271 1034 1433 1099 contreniat,
1453 1032 1654 1101 impensurunt3
1669 1032 1730 1100 quia
1746 1030 1802 1085 sola
1815 1041 1871 1096 est,

238 1135 310 1205 satius
337 1134 540 1190 invaletudine
567 1142 620 1200 est,
649 1131 849 1202 suspicionibus
873 1131 1028 1189 ventiletur.
1081 1141 1141 1194 quae
1155 1124 1381 1193 rnajoremalleo
1395 1122 1600 1177 retributionem
1615 1129 1742 1188 meretur,
1756 1121 1870 1188 allectio,

238 1229 307 1293 Ecce
326 1228 418 1293 babes,
442 1226 478 1281 mi
492 1225 609 1288 domine,
625 1223 699 1279 unde
721 1222 894 1277 serenitatem
914 1222 1031 1290 pectoris
1082 1231 1141 1271 cum
1157 1216 1237 1271 nullis
1261 1215 1398 1271 bominum
1413 1214 1522 1269 dotibus
1538 1224 1678 1283 provocata
1693 1214 1870 1271 concreditur.

239 1320 290 1375 snei
305 1336 338 1376 ex
351 1319 478 1375 desiderii
494 1316 646 1386 proditione
661 1327 820 1383 cognoscas.
833 1314 934 1368 Adesto
945 1314 1030 1383 parti·

239 1409 288 1463 bus
302 1413 364 1474 tuis,
378 1419 405 1464 et
418 1409 488 1462 sicut
509 1421 552 1462 me
566 1406 701 1474 impetrati
717 1404 838 1458 muneris
855 1405 1030 1473 praerogatira

239 1498 376 1562 sublimat,
400 1496 436 1550 ita
454 1509 502 1550 vos
523 1493 636 1549 exhibiti
659 1492 746 1562 gratia
763 1491 898 1546 serrnonis
917 1490 1028 1546 attollat.

240 1587 310 1657 lingo
329 1588 442 1641 salutem
461 1585 613 1641 debendam
634 1584 789 1648 restituens,
813 1598 908 1651 precor
923 1591 952 1636 ut
967 1581 1029 1650 quid

240 1686 398 1748 promoveat
412 1678 438 1730 in
452 1691 495 1730 me
508 1674 671 1729 desiderium
688 1682 773 1738 tuum,
784 1672 834 1727 sub
846 1671 1031 1741 erxjaasennque

240 1763 442 1838 significationis
458 1762 529 1817 nube
543 1760 687 1815 dilucides.
704 1759 778 1816 iaie.

495 1851 661 1909 betstottt
681 1850 776 1907 ilillil.

504 1929 631 2001 rnuontos
651 1958 757 2000 artano.

277 2037 360 2093 Adest
385 2037 541 2108 magnitudo
565 2047 608 2090 tua
632 2033 752 2104 partibus
771 2033 839 2098 suis,
864 2040 894 2088 et
914 2035 1029 2089 asseruit

240 2128 411 2198 splendorem
435 2127 572 2197 sanguinis
596 2123 750 2180 testimonio
770 2122 903 2192 puritatis.
924 2121 1028 2178 Carita-

218 2285 223 2295 ι
240 2230 294 2274 tem
308 2219 430 2274 nesciunt
445 2217 487 2288 pia
497 2216 578 2273 corda
590 2215 717 2271 deserere
730 2231 738 2280 ;
752 2214 905 2284 religiosam
917 2212 1029 2286 diligen-

1338 1306 1504 1378 epistota
1522 1305 1619 1361 xxix,

1155 1467 1159 1473 ι
1335 1412 1463 1454 canonius
1481 1413 1623 1452 anensem.

1117 1489 1246 1556 Quotiens
1267 1503 1394 1545 sensuum
1418 1488 1572 1559 pignoribus
1594 1486 1675 1541 rerba
1699 1485 1870 1556 inmoriuntur,

1081 1583 1156 1659 quasi
1179 1583 1206 1637 in
1226 1582 1339 1653 quodam
1356 1581 1481 1651 speculo,
1498 1581 1533 1635 ita
1548 1581 1574 1635 in
1589 1579 1694 1650 paginis
1717 1594 1807 1636 sermo
1820 1580 1871 1634 sibi

1082 1671 1194 1727 amicam
1207 1673 1290 1741 pingit
1302 1670 1428 1741 elligiem,
1446 1686 1506 1725 eum
1521 1683 1572 1740 qua
1588 1669 1648 1724 rita
1663 1684 1729 1725 soce
1741 1669 1872 1739 colloqui·

1044 1759 1067 1819 B
1082 1770 1134 1828 tur,
1149 1773 1176 1818 ct
1187 1763 1256 1818 dulci
1271 1762 1414 1817 simulacro
1426 1760 1567 1817 desideriis
1580 1760 1744 1830 obsequente
1755 1760 1872 1830 gratula-

1081 1863 1134 1911 tur.
1149 1854 1225 1910 Nulla
1240 1855 1346 1926 quidem
1367 1864 1525 1924 conceptum
1543 1853 1663 1910 loederati
1683 1853 1799 1922 pectoris
1814 1854 1872 1908 eio-

1026 1995 1030 2000 .
1079 1950 1170 2019 quitur
1188 1950 1243 2005 oris
1266 1948 1401 2003 ailluentia
1419 1966 1425 2002 :
1443 1957 1470 2002 et
1491 1961 1551 2002 cum
1575 1946 1630 2002 siut
1652 1945 1769 2001 luciliera
1793 1946 1871 2004 rerba

1080 2036 1231 2105 benellciis,
1249 2054 1298 2095 nee
1312 2039 1410 2095 existat
1423 2037 1495 2108 quod
1508 2052 1632 2093 erescere
1654 2045 1769 2106 nequeat
1785 2038 1873 2092 ambi·

1081 2133 1153 2187 tione
1167 2131 1289 2197 dicendi,
1305 2146 1355 2202 ego
1370 2133 1397 2186 in
1411 2130 1568 2200 explicanda
1583 2130 1653 2185 circa
1667 2143 1715 2184 ros
1732 2128 1871 2199 diligentia

1080 2232 1199 2276 arentem
1221 2231 1303 2276 testor
1318 2221 1467 2275 inlantiam.
1490 2219 1699 2276 linanimltatem
1723 2229 1810 2275 tamen
1826 2236 1871 2275 re·

243 2308 308 2372 tiam
322 2322 397 2363 mons
412 2320 541 2377 generosa
561 2303 687 2359 ῦΰῦῑθΰῑῑ·
703 2304 814 2358 Gemina
827 2317 891 2374 erio
904 2302 963 2359 llice
975 2301 1029 2358 sitl-
1080 2320 1164 2366 stram
1179 2309 1369 2366 taciturnitatis
1384 2310 1500 2377 incesso,
1522 2309 1592 2380 quod
1605 2309 1711 2381 genum
1728 2310 1872 2378 scriptione

240 2399 329 2470 gentia
352 2399 451 2469 scripta
473 2396 591 2466 suscepi,
609 2395 673 2451 dum
695 2395 766 2466 quoti
791 2403 883 2466 pectus
907 2405 1029 2451 sanctum
1081 2400 1196 2455 donatus
1209 2401 1274 2455 nibil
1289 2399 1322 2455 de
1331 2399 1430 2457 abacia
1446 2401 1574 2456 relatione
1590 2399 1723 2470 cogitasti.
1740 2399 1808 2456 Ecce
1822 2401 1873 2457 ite·

241 2490 352 2570 reperit,
372 2490 483 2546 dextera
506 2503 603 2550 serena
623 2489 749 2558 signarit.
775 2488 857 2544 ileum
872 2503 980 2559 precor,
1002 2496 1031 2542 ut
1081 2507 1139 2546 rum
1156 2493 1263 2563 paginas
1276 2491 1369 2560 mitto,
1388 2492 1476 2547 sciens
1491 2489 1624 2553 tribuere,
1640 2487 1710 2558 quod
1732 2500 1869 2560 exspecto.

242 2583 311 2660 piam
327 2584 353 2638 in
368 2583 444 2639 rois's
458 2582 587 2649 indolem,
603 2582 626 2636 si
639 2581 750 2636 Romam
762 2580 858 2651 diligit,
870 2582 920 2635 sub
933 2595 1031 2651 peren-
1081 2584 1166 2661 ¹vale,
1187 2585 1224 2640 mi
1242 2584 1368 2653 domine,
1383 2592 1411 2639 et
1424 2589 1557 2637 amantem
1575 2583 1612 2636 tui
1628 2581 1764 2651 alloquere
1787 2583 1889 2664 nitore·

242 2677 324 2743 nitate
339 2682 481 2731 consecret
498 2689 505 2740 ;
519 2682 547 2730 et
564 2671 718 2744 instiusmodi
737 2671 809 2728 cirea
823 2685 866 2728 mc
880 2671 967 2728 studia
979 2669 1031 2727 sub
1071 2685 1135 2746 'qno
1148 2675 1236 2731 elanus
1248 2690 1289 2744 es,
1305 2674 1365 2730 lore
1376 2673 1529 2742 integritate
1543 2688 1593 2743 qua
1610 2675 1748 2743 praevales.

241 2785 272 2826 ea
283 2785 333 2840 qua
350 2769 508 2840 promisistis
526 2782 590 2823 eura
610 2767 782 2836 multiplicet.
1341 2762 1505 2820 uersibus
1525 2761 1610 2819 llllll.

270 2845 274 2854 '
486 2860 651 2916 nntsrous
672 2859 779 2914 xxrn.
1344 2869 1477 2930 ,aaronis
1494 2870 1602 2910 avieno.

270 3013 272 3017 ,
507 2967 634 3008 eusenius
653 2965 761 3006 nerana.
1118 2947 1200 3004 ilirar
1210 2945 1277 3001 laris
1288 2945 1478 3016 magnitudinis
1490 2954 1541 3001 tram
1552 2944 1693 3015 injucunda
1705 2945 1833 3016 copulari,
1846 2959 1872 3002 et

190 3094 192 3098 .
237 3047 243 3055 ‘
268 3041 372 3108 ‚necto
387 3051 476 3099 utrum
496 3039 673 3111 magnitudini
686 3049 785 3098 restrae
805 3049 880 3112 grata
898 3040 954 3097 sint
970 3057 1030 3098 cre·
1083 3038 1255 3095 serenitatem
1273 3037 1597 3094 conscientiaenerboruur
1613 3037 1767 3094 austeritate
1781 3051 1867 3093 maeu-

242 3135 289 3211 bra
300 3135 432 3204 eolioqnin
447 3152 455 3186 ε
471 3148 521 3204 ego
535 3145 624 3189 tamen
641 3148 749 3203 semper
763 3133 833 3203 quod
856 3146 983 3205 exspecto
997 3137 1031 3192 ab
1045 3108 1068 3172 c
1084 3125 1176 3197 latam,
1189 3129 1251 3185 dura
1261 3129 1356 3186 scribis
1366 3129 1498 3199 imperare
1510 3143 1552 3183 me
1563 3128 1650 3198 potius
1662 3129 1781 3198 paginas,
1792 3144 1873 3196 qaam

240 3227 401 3296 amantibus,
414 3224 556 3280 exhibebo.
571 3225 663 3279 Patior
676 3225 736 3280 aliis
751 3225 822 3283 aliud
836 3240 897 3282 esse
908 3229 1031 3298 proposi-
1081 3223 1217 3294 diligentia
1232 3223 1367 3279 exactrice
1377 3220 1543 3292 promereri:
1558 3220 1675 3292 putans*
1692 3214 1772 3275 ullum
1787 3235 1872 3289 gcnns

241 3326 297 3391 tunt
312 3334 319 3369 z
336 3315 400 3370 milti
412 3329 471 3370 meo
484 3314 626 3370 uiuendum
638 3327 679 3371 est
690 3330 776 3384 more,
790 3324 820 3370 st
832 3318 932 3372 arnonis
943 3319 1029 3388 pleni·
1080 3315 1234 3371 dominandi
1247 3330 1309 3372 esse
1319 3315 1477 3382 sublimius,
1491 3329 1571 3384 qnam
1588 3313 1671 3381 illud,
1695 3314 1764 3384 quod
1785 3317 1871 3369 antoni

242 3408 307 3478 turio
321 3416 455 3464 reseretur
468 3406 544 3462 clare
554 3407 698 3462 sermonis.
715 3408 771 3477 Ego
788 3408 814 3463 in
828 3406 971 3465 allectione
985 3423 1029 3464 ca·
1081 3419 1130 3458 nas
1143 3406 1260 3473 subjicit.
1275 3405 1353 3460 Nulla
1367 3414 1444 3471 stant,
1466 3405 1563 3461 domne
1583 3405 1699 3469 Aniene,
1717 3405 1833 3461 culmina
1856 3423 1870 3459 a

241 3498 337 3552 nissam
362 3498 509 3567 subrepere
529 3497 738 3553 taciturnitatem
760 3510 810 3553 usu
832 3496 951 3568 lugicute
976 3515 1028 3554 non
1077 3492 1143 3567 jugo
1154 3496 1275 3550 caritatis
1293 3495 1421 3552 immunia
1438 3513 1446 3551 a
1462 3497 1590 3568 quidquid
1611 3499 1638 3554 in
1656 3499 1722 3555 orbe
1740 3499 1871 3554 libertatis

241 3586 357 3654 rseriero.
373 3585 447 3641 Nunc
460 3585 484 3640 si
498 3585 608 3640 culmini
624 3594 670 3639 tuo
682 3600 730 3657 par
743 3599 808 3641 eura
824 3595 877 3653 est,
893 3598 1028 3645 monstre—
1080 3597 1134 3651 cst,
1149 3587 1195 3640 tali
1208 3603 1262 3640 nan
1277 3587 1442 3643 subtrabitur
1454 3590 1586 3644 servituti.
1602 3589 1671 3646 Eece
1683 3606 1733 3662 ego
1748 3592 1807 3645 loeo
1821 3591 1870 3645 bu-

240 3667 283 3734 ta'r
295 3677 451 3732 assiduitate
464 3676 588 3746 colloquii
607 3694 613 3728 :
631 3686 750 3745 patescat
765 3676 914 3748 irequentia
929 3680 1029 3735 littera·
1080 3675 1161 3735 utilis.
1178 3677 1282 3746 ignotus
1296 3677 1454 3742 bonoribus,
1471 3678 1567 3733 restris
1582 3679 1697 3735 lascibus
1711 3679 1868 3749 stcjabeno,

226 3783 309 3822 rum.
332 3767 379 3823 Sin
402 3766 463 3822 aliis
491 3767 621 3822 hactenus
646 3776 847 3836 praeoccupatus
873 3770 978 3836 studiis,
1003 3772 1028 3828 in
1080 3767 1155 3837 parili
1178 3776 1318 3823 contentus
1342 3769 1435 3824 ordine
1465 3761 1615 3839 subjacere.
1640 3771 1714 3825 Nunc
1738 3771 1813 3836 vale,
1838 3782 1866 3825 et

240 3873 326 3914 meam
347 3858 426 3914 modo
447 3859 617 3913 concesseris
635 3858 773 3929 diligentia
795 3859 946 3930 imperante
967 3877 1029 3918 sen·
1078 3869 1206 3929 quantum
1221 3860 1300 3924 tribui
1313 3860 1360 3916 tibi
1370 3860 1499 3925 senseris,
1511 3869 1612 3915 tantum
1625 3861 1700 3929 mibi,
1716 3863 1785 3918 sieut
1801 3864 1865 3917 lude·

138 4001 141 4007 .
238 3941 366 4015 tendam3
380 3957 506 4031 quantpm
521 3947 554 4003 de
566 3960 612 4002 tuo
625 3947 686 4019 jure
697 3949 864 4015 submiseris,
880 3961 980 4006 tantum
996 3954 1030 4010 de

239 4042 309 4096 meis
325 4040 460 4110 obsequiis
474 4039 632 4109 possidebis.
654 4039 724 4110 Ergo
738 4041 809 4107 rale,
825 4043 860 4096 mi
872 4043 989 4110 domine,
1003 4055 1030 4100 et

239 4131 428 4187 munusculum
447 4131 565 4200 suscipe,
582 4146 634 4185 non
655 4131 759 4188 vilitate
776 4132 829 4200 sui,
850 4134 896 4190 sed
911 4143 1028 4192 taxatum

242 4222 330 4294 pretio
343 4222 515 4280 destinantis.

485 4311 647 4369 eetsrots
669 4313 785 4370 xxtttt.

484 4418 612 4458 ennomus
632 4420 779 4460 eurnsrre.

275 4492 406 4564 ¹Quamuis
432 4495 553 4550 caritatis
585 4508 681 4551 restrae
715 4497 836 4567 paginam
864 4465 1069 4556 solemnibus„

240 4594 343 4642 tantum
357 4585 455 4641 muniis
469 4585 634 4654 accepissem
650 4586 821 4652 obsecutam,
838 4602 886 4644 nec
906 4589 1028 4656 allectui,

241 4662 291 4732 nec
306 4674 498 4732 necessitudini
512 4684 703 4743 congruentem
718 4693 725 4728 a
741 4690 785 4732 res
799 4683 887 4733 tamen
909 4681 1028 4748 postula-

242 4767 291 4826 rit,
304 4780 348 4820 me
366 4764 475 4819 sicariis
490 4779 539 4833 per
551 4765 613 4836 styli
626 4764 826 4822 similitudinem
843 4770 1028 4840 peregrinante

240 4853 381 4927 diligentia
405 4853 569 4923 respondere
589 4853 732 4924 colloquiis
748 4873 754 4909 :
770 4872 805 4912 ne
824 4858 951 4915 subtracti
971 4877 1027 4917 ser·

242 4941 329 4997 nrornis
339 4940 458 4996 ollicium
469 4957 521 4996 non
534 4951 648 4999 uestram
660 4944 724 5000 xrrilti
736 4946 883 5004 innotuisse
892 4954 1027 5017 astutiam,

241 5029 289 5086 sed
302 5037 420 5086 nostram
431 5032 564 5087 revelaret
577 5033 728 5090 inlantiam.
744 5036 823 5104 Nolo,
836 5053 912 5095 soror
927 5041 1027 5110 liupra-

242 5123 299 5190 pia,
323 5122 466 5194 quidquam
488 5124 522 5179 de
546 5127 745 5194 prouinciarum
775 5129 869 5195 malis,
893 5132 935 5187 vei
959 5135 1029 5190 sieut

241 5215 345 5285 dixisti,
369 5214 506 5272 bominum
529 5218 696 5275 immissione
716 5224 845 5278 causeris.
865 5223 1028 5295 Quocunque

241 5305 415 5373 abscesseris,
429 5318 556 5376 quantum
571 5324 614 5364 res
625 5311 715 5377 docet,
726 5323 842 5369 mentem
854 5315 923 5370 male
932 5315 1027 5371 eredu-

242 5396 295 5453 lam
312 5412 365 5454 non
384 5397 486 5454 omittis
500 5416 506 5453 ε
522 5399 586 5456 vitia
608 5411 697 5456 nostra
722 5407 859 5473 regionum
882 5408 1028 5461 mutatione

241 5502 294 5543 nou
307 5489 428 5559 legimus.
444 5487 520 5545 Circa
532 5491 694 5564 propinquos
709 5493 756 5548 tibi
774 5494 822 5550 luit
837 5496 891 5552 tale
903 5497 1024 5567 proposi·

279 5664 286 5693 ¹
304 5663 401 5737 Ullum]
417 5666 456 5720 An
471 5667 567 5720 ntriltttu
583 5669 594 5718 .⁹

1079 3952 1112 4007 iis
1125 3952 1272 4020 restitutor,
1287 3949 1438 4007 allectionis
1453 3951 1588 4020 impende.

1331 4041 1496 4100 El'lS'lOlnl
1515 4042 1611 4098 llillli.

1342 4148 1471 4189 canonius
1490 4148 1598 4188 nerano.

1114 4224 1241 4292 Quamvis
1255 4223 1428 4295 epistularum
1440 4225 1554 4294 qualitas
1568 4239 1615 4295 pro
1630 4224 1743 4295 ingeniis
1757 4239 1867 4296 compn-

1080 4325 1169 4384 nntur,
1182 4325 1210 4371 et
1223 4328 1297 4386 sape
1317 4316 1480 4372 solemnitati
1500 4316 1611 4381 militet,
1626 4301 1814 4385 nonnunquam
1829 4318 1868 4370 al·

1081 4407 1201 4463 lectionis
1216 4414 1327 4463 testetur
1340 4406 1456 4462 indicia:
1473 4420 1539 4476 quas
1553 4407 1696 4477 aliquando
1718 4406 1798 4465 dietat
1813 4407 1868 4460 sin-

1081 4497 1178 4553 ceritas
1191 4514 1198 4552 a
1210 4497 1363 4568 plerumque
1374 4495 1425 4551 luci
1434 4495 1529 4551 similis
1539 4496 1724 4562 concinnatio;
1736 4512 1795 4568 quas
1805 4512 1869 4551 eara-

1082 4574 1175 4644 tltrem
1199 4586 1340 4659 imaginata
1354 4587 1514 4658 diligentiae,
1538 4587 1687 4644 urbanitate
1704 4589 1867 4659 quategitur

1081 4679 1237 4747 innotescit,
1252 4678 1316 4734 dum
1339 4677 1475 4735 lubricatis
1497 4678 1595 4734 nudata
1618 4679 1778 4748 tegminibus
1799 4682 1866 4733 intra

1079 4772 1200 4827 uelamen
1225 4771 1353 4840 aperitur.
1379 4770 1434 4840 Ego
1456 4769 1591 4825 tamenin
1613 4770 1714 4839 paginis
1728 4771 1865 4840 speculum

1080 4871 1144 4930 puto
1153 4876 1213 4916 esse
1227 4861 1409 4926 conscientias,
1421 4875 1467 4930 per
1478 4876 1545 4932 quas
1555 4861 1698 4915 amicitiam
1713 4860 1865 4916 discernere

1079 4955 1199 5010 absentia
1214 4952 1255 5008 ria
1280 4956 1428 5024 praesumlt.
1444 4954 1551 5011 ctarum
1574 4964 1616 5011 est
1635 4936 1737 5024 tauron,
1761 4954 1823 5023 quid
1840 4956 1866 5008 in

1079 5044 1132 5098 illis
1154 5043 1284 5112 simplex,
1309 5044 1373 5113 quid
1396 5044 1493 5099 artilex
1517 5059 1607 5100 sermo
1628 5046 1741 5101 delerat.
1765 5045 1868 5101 Scindit

1080 5133 1164 5188 nubes
1177 5134 1273 5201 eloquii
1290 5149 1366 5189 mens
1377 5132 1530 5191 dictationis
1545 5136 1677 5206 interpres
1690 5138 1767 5192 :cito
1780 5137 1814 5190 ad
1828 5136 1868 5189 iu·

1079 5224 1214 5278 tellectum
1230 5223 1350 5292 peruenit
1364 5223 1474 5280 ratribus
1488 5226 1544 5280 suis
1556 5226 1698 5282 verborum
1715 5227 1783 5282 calle
1796 5240 1868 5280 rese-

1080 5325 1148 5367 rato.
1161 5312 1231 5382 llrgo
1244 5313 1286 5367 bis
1300 5313 1377 5369 raide
1388 5315 1508 5371 delector
1522 5316 1617 5372 olliciis
1632 5319 1729 5388 quibus
1744 5317 1868 5386 panditur

1079 5405 1234 5472 sinceritas,
1249 5419 1300 5460 nec
1312 5407 1418 5461 occasio
1437 5421 1466 5462 se
1481 5407 1616 5462 interserit
1630 5424 1724 5463 secura
1746 5407 1866 5461 lallentli.

1079 5493 1188 5551 Gattdeo
1207 5503 1296 5553 umen
1311 5495 1375 5551 milri
1391 5496 1432 5551 nel
1445 5510 1539 5550 erosas
1552 5497 1706 5560 scribendi,
1722 5496 1763 5548 uel
1779 5497 1868 5562 peria-

1078 5593 1151 5638 tores
1164 5584 1305 5640 accidere:
1321 5594 1350 5639 ut
1370 5586 1420 5639 snb
1434 5584 1484 5639 bae
1505 5584 1651 5653 lnequentia
1667 5600 1727 5640 meo
1742 5595 1804 5639 roto
1825 5602 1868 5639 sn-

1079 5673 1226 5741 tislaeiam,
1240 5682 1267 5731 et
1282 5676 1409 5746 pudorem
1424 5687 1541 5733 restrum
1555 5691 1680 5744 onerem,
1695 5679 1720 5733 ni
1738 5680 1773 5734 ia
1790 5681 1866 5734 robis
