3906 6180
163 378 166 383 ,
829 308 886 367 nn.
907 284 1012 368 nunu.
1030 308 1106 367 sev.
1127 304 1240 378 bouelt
1284 334 1288 349 ι
1460 269 1464 275 ’
1795 299 1869 361 toto

503 550 640 657 utu.
708 547 956 652 nunu.
1006 541 1202 672 snm
1271 541 1543 651 norrun

640 761 762 887 nn
805 753 1441 957 intortunium

905 973 1038 1054 LIBRI
1053 973 1175 1069 DUO,

520 1118 716 1192 ΜΑΤΙΟ.
1027 1128 1134 1194 Arnim
1155 1132 1203 1186 boc
1216 1129 1348 1201 judicium
1363 1129 1451 1185 multis
1467 1129 1564 1184 artibue
1581 1130 1702 1202 probetur
1722 1131 1864 1203 excultum,

253 1226 392 1284 ludandie
402 1223 611 1298 accipiendique
622 1224 780 1294 wnmibur,
794 1226 831 1280 ita
844 1231 911 1282 recte
921 1225 1012 1296 officia,
1066 1245 1118 1284 uno
1138 1237 1224 1283 tamen
1243 1228 1387 1283 cumulatur
1403 1225 1529 1280 examine.
1550 1225 1692 1296 Experiere
1705 1226 1789 1298 iqitur
1808 1228 1865 1281 licet

216 1320 348 1394 prucipue
368 1319 435 1374 inter
450 1333 495 1374 eor
507 1319 553 1388 qui
565 1300 619 1373 rere
633 1317 828 1391 moqnifaciunt,
843 1319 1014 1386 animantur,
1066 1303 1191 1392 quantum
1205 1320 1276 1375 nobie
1289 1319 1316 1374 in
1332 1319 1379 1374 boc
1398 1318 1486 1372 eradio
1501 1316 1585 1391 lonpie
1603 1325 1701 1373 truatur
1716 1317 1777 1372 otiiu
1794 1317 1864 1374 labor

216 1413 241 1468 oi
261 1411 358 1483 liquido
378 1411 522 1478 constabit,
535 1427 581 1466 nec
594 1411 626 1465 ob
640 1408 690 1465 boc
707 1410 781 1464 alind
792 1411 861 1482 quod
884 1410 1015 1467 liberalius
1065 1414 1253 1488 adjecentia
1268 1427 1356 1467 rerum
1369 1411 1500 1468 eubtilinm
1518 1412 1594 1482 fuqar
1610 1413 1760 1466 exercitatae
1775 1414 1864 1470 meede

216 1503 322 1573 afferret
333 1504 472 1578 inqentum,
482 1519 528 1559 nee
541 1503 574 1557 ab
587 1500 634 1557 illo
648 1519 773 1574 unquam,
783 1503 853 1574 quod
870 1504 1015 1585 fucandiue
1065 1507 1184 1562 uelocitas
1194 1502 1404 1577 comprebendatt
1414 1502 1506 1558 Utrum
1512 1503 1612 1574 jefnnoe
1623 1504 1717 1557 nraeiee
1727 1505 1865 1575 orationiu,

127 1621 132 1632 ·
216 1595 389 1653 benevolentia
404 1596 612 1668 complecteretur
626 1605 766 1667 acceptum.
780 1594 846 1651 liac
859 1595 916 1666 ipre
928 1597 1014 1651 conri-
1065 1599 1101 1652 ad
1114 1615 1145 1653 ea
1159 1613 1217 1668 qua
1230 1604 1289 1651 eunt
1302 1595 1473 1667 caliqantibur
1490 1593 1614 1665 impedita
1626 1594 1773 1660 sententiis,
1790 1611 1864 1666 expe·

103 1683 110 1732 ἶ
216 1689 321 1756 ἀεναηε,
337 1686 413 1743 attuli
423 1703 474 1742 non
487 1687 580 1759 iqnaoo
593 1703 670 1757 opum
685 1686 811 1759 pondero,
826 1687 917 1758 quibui
929 1688 965 1741 nd
974 1691 1015 1759 fo·
1066 1691 1160 1746 diendo
1173 1690 1301 1760 inficiat?
1316 1686 1376 1756 Qua
1390 1690 1416 1742 in
1433 1705 1462 1743 re
1478 1687 1540 1742 mibi
1557 1685 1637 1742 alieni
1649 1703 1751 1759 quoqne
1767 1688 1864 1760 judicii

216 1783 290 1838 cinno
303 1779 369 1836 nibil
380 1781 590 1849 instructiorem,
607 1796 665 1835 curn
676 1779 787 1835 babendi
799 1780 855 1835 rttn
868 1780 1012 1835 incanduit.
1065 1783 1140 1838 lucro
1153 1789 1315 1851 quaeruntur,
1332 1796 1390 1834 eunt
1409 1788 1448 1846 tn,
1460 1787 1625 1850 utrarumque
1637 1778 1810 1848 peritireimue
1824 1778 1865 1832 tb-
1944 1848 1950 1862 Ι

125 1856 134 1869 ”
216 1875 258 1933 Ad
271 1875 390 1931 meritam
402 1872 468 1929 nibil
481 1873 568 1940 oiliur,
584 1889 643 1928 oum
656 1888 686 1928 ea
700 1872 1014 1928 ribioictoranimarcal·
1066 1870 1386 1943 terarum,porrioGroire
1399 1869 1865 1941 orationireopertibur,quantumde

216 1976 275 2023 cata
288 1966 406 2038 uulfeeit,
417 1966 462 2020 eed
474 1982 505 2021 eo
519 1982 576 2038 qua
587 1983 619 2021 ea
633 1963 783 2021 Graecarum
798 1964 930 2037 opulentia
943 1966 1013 2020 litte·
1065 1968 1138 2022 nobie
1153 1967 1274 2041 fodicare
1298 1964 1427 2031 audeant,
1454 1964 1510 2018 eolo
1535 1971 1632 2018 tantum
1655 1963 1866 2035 pronuntiatione

215 2060 349 2127 rarum,in
360 2058 484 2114 Romanae
495 2060 617 2114 orationie
628 2060 778 2115 tberaurum
787 2068 889 2131 eumpto
897 2059 1016 2114 conuexi-

216 2169 284 2208 mne.
296 2150 341 2208 lta
354 2153 422 2206 enim
434 2153 484 2207 mei
497 2167 595 2222 qnoque
608 2152 693 2219 operio
705 2151 838 2206 mibirotio
849 2150 1016 2216 corrrtabit,oi
1065 2154 1130 2209 einm
1144 2152 1290 2217 memetipse
1305 2150 1482 2206 tranelationir
1497 2150 1552 2220 leqb
1565 2149 1723 2226 eonetrinqo,
1742 2150 1789 2204 red
1804 2165 1866 2220 pau·

217 2261 276 2317 quae
289 2260 322 2300 ea
333 2244 466 2317 eapientiee
479 2244 603 2298 doctrinir
618 2243 705 2306 elicui,
720 2243 902 2315 rapierrtirrimi
912 2243 1015 2316 judicio
1066 2245 1149 2302 lulum
1162 2245 1265 2300 liberine
1277 2250 1407 2315 eoaqntne,
1421 2241 1506 2297 alieno
1520 2241 1615 2306 itineri,
1630 2257 1681 2296 non
1700 2240 1815 2315 aertiqiir
1827 2243 1866 2297 in·

216 2336 425 2408 comprobentur.
445 2333 522 2390 b'idee
537 2335 617 2407 iqitur
630 2343 658 2388 ut
673 2344 725 2388 tarn
736 2335 824 2405 maqni
840 2333 936 2391 labarit
950 2333 1013 2402 effe·
1066 2341 1140 2396 piato.
1154 2339 1225 2393 Nam
1237 2347 1260 2393 et
1273 2354 1303 2393 eo
1313 2354 1369 2407 quar
1380 2338 1411 2391 de
1421 2337 1533 2392 nunterie
1545 2353 1561 2391 o
1573 2335 1734 2393 Nicomacho
1743 2335 1865 2405 diffuriue

215 2434 284 2495 cluo,
297 2438 369 2482 tuum
384 2436 483 2482 tortium
495 2435 622 2498 extpectrl
631 2441 750 2493 examen,
764 2442 810 2481 nto
825 2427 852 2480 t'n
866 2442 942 2481 auter
954 2442 1015 2495 uto·
1066 2434 1197 2506 disputata
1207 2440 1276 2500 eunt,
1284 2432 1418 2485 moderata
1430 2429 1552 2484 breuitate
1563 2427 1665 2501 colleqi.
1676 2426 1710 2481 lit
1718 2434 1866 2497 quatenoc

217 2519 274 2575 ulire
286 2520 473 2590 publicamini
484 2519 705 2574 doctoerententioe
714 2518 1014 2591 oetipnlationenitatur.
1028 2510 1054 2576 B
1067 2541 1142 2581 curro
1169 2523 1283 2579 uelociue
1307 2524 1480 2595 anqnniorem
1508 2520 1684 2594 intelliqentiu
1710 2519 1866 2591 pruutabont

217 2611 253 2670 ln
265 2630 318 2685 quo
332 2613 397 2667 nibil
416 2612 511 2666 mltum
529 2612 611 2666 vidiri
630 2610 713 2678 debet,
734 2626 793 2666 cum
813 2610 842 2665 id
862 2627 926 2682 opor
946 2612 1014 2681 duod
1065 2621 1177 2685 aditum,
1198 2616 1321 2673 mediocri
1335 2615 1480 2689 adjectione
1494 2616 1615 2684 reserari,
1635 2623 1664 2669 ut
1675 2612 1819 2686 aliqnando
1831 2613 1866 2670 ad

216 2704 351 2777 eapientiee
369 2704 472 2758 inuenta
486 2703 657 2774 persequitur,
677 2717 729 2756 non
747 2703 859 2758 auctorit
872 2703 916 2757 red
929 2703 1015 2758 alieno
1065 2711 1328 2780 mittendariorum,
1345 2710 1439 2763 nostrie
1449 2708 1526 2762 etiam
1541 2707 1659 2778 fornnrlie
1671 2723 1703 2761 oc
1713 2708 1866 2778 dereriptio·

167 2805 170 2811 '
216 2795 341 2852 lruurnbit
355 2795 472 2850 arbitrio.
488 2795 551 2851 Soio
564 2797 659 2867 qnippe
669 2798 844 2852 inctrummtir
854 2813 894 2850 rer
907 2796 1015 2852 rationir
1065 2806 1139 2860 nibus
1161 2811 1300 2858 uteremur.
1321 2799 1398 2867 Quod
1417 2799 1489 2854 nobis
1503 2798 1605 2869 quantit
1618 2798 1713 2871 niqiliir
1727 2814 1755 2853 oe
1767 2799 1866 2854 rudore

216 2889 384 2961 rependitur,
396 2904 455 2944 curn
465 2889 595 2962 jredieium
605 2888 798 2959 coqiturrubire
808 2887 951 2961 prudentio.
962 2887 1015 2945 Stel
1065 2895 1223 2957 eonstiterit,
1240 2891 1318 2962 focile
1336 2892 1438 2947 cobriue
1452 2891 1532 2946 lector
1551 2899 1680 2962 aqnoreet.
1705 2889 1769 2946 Cum
1783 2890 1865 2964 iqitur

215 2979 278 3037 buie
288 2981 454 3049 munureulo,
470 2997 522 3036 non
533 2980 622 3037 eadem
632 2996 690 3051 qua
699 2981 796 3036 caterio
809 2982 940 3036 imminent
952 2981 1016 3035 arti·
1064 2996 1173 3059 quatuor
1185 2986 1327 3040 matbeoeoe
1340 2981 1551 3055 disciplinarum,
1572 2981 1604 3036 de
1617 2980 1789 3051 aritbmetiea‚
1806 2997 1863 3053 qum

217 3071 266 3129 bue
284 3073 442 3129 munimenta
461 3073 597 3127 constituo.
624 3071 714 3144 Neque
733 3072 799 3126 enim
820 3074 874 3145 fere
891 3071 955 3138 ullo,
978 3073 1015 3126 ric
1066 3088 1103 3134 eet
1118 3079 1212 3150 prima,
1228 3074 1438 3146 prteecriberem,
1454 3085 1482 3129 tn
1496 3080 1596 3131 tanturn
1611 3073 1703 3145 diqnur
1716 3088 1747 3143 eo
1763 3088 1866 3128 munere

217 3163 316 3222 curretie
330 3165 450 3222 obuoluto
470 3167 596 3238 partibor,
613 3165 711 3221 trulliur
725 3166 826 3238 indiqu,
843 3168 896 3221 ruie
915 3176 1016 3220 tantum
1066 3168 1194 3232 cidelare,
1208 3183 1288 3239 eoque
1304 3166 1386 3238 maqie
1399 3165 1427 3218 in
1439 3174 1523 3219 erroto
1536 3179 1600 3235 opur
1612 3179 1668 3216 erre
1678 3159 1863 3233 intelliqebant.

217 3268 256 3316 eet
274 3259 384 3315 orientia
402 3259 464 3314 ntea
486 3259 625 3330 procidiir,
641 3270 736 3314 utnon
754 3270 1015 3329 caterarumquoqne
1067 3259 1138 3316 Nam
1157 3261 1205 3314 etti
1222 3259 1291 3331 apud
1313 3266 1338 3313 te
1351 3255 1437 3328 facilit
1449 3255 1534 3311 uenire
1546 3254 1617 3310 locut
1632 3262 1707 3321 erret,
1724 3253 1866 3323 aliquando

217 3353 315 3407 artium
333 3350 487 3423 adiumento
501 3349 638 3405 derideret.
658 3348 729 3403 Nom
743 3351 770 3403 in
791 3349 932 3420 effipiandie
947 3365 1016 3402 mar·
1067 3363 1150 3407 tamen
1163 3353 1248 3421 ipram
1266 3347 1424 3418 formidabat
1437 3345 1584 3417 facilitatem
1597 3353 1715 3415 rotperto
1726 3346 1866 3404 securiter.

217 3456 290 3497 more
302 3441 407 3506 etatuie,
418 3440 485 3493 aliur
498 3438 645 3494 recidenda
658 3440 733 3494 motio
747 3438 819 3494 labor
832 3449 879 3506 eet,
895 3440 948 3494 otia
963 3438 1016 3509 for-
1067 3442 1219 3498 brbitrabor
1242 3442 1310 3497 enim
1332 3439 1399 3496 nibil
1421 3446 1500 3493 tautoe
1524 3438 1670 3493 reuerentia
1693 3436 1812 3490 oblatum
1834 3436 1866 3490 iri

218 3532 321 3587 mdiv
340 3528 462 3600 ''mallit'‘
478 3531 554 3584 ΜΗΘ·
579 3528 637 3584 Nec
655 3530 772 3595 ‘ividem
792 3530 900 3599 arripe,
913 3525 1014 3598 mariue,
1068 3543 1194 3606 oportere,
1213 3533 1281 3604 quod
1295 3531 1514 3589 noneloboratum
1529 3530 1644 3601 inqenio,
1657 3529 1800 3600 perfeetum
1812 3537 1867 3585 etu-

219 3623 296 3694 politi
315 3622 400 3693 operio
414 3622 481 3677 nitor
494 3632 634 3693 eerpectat.
657 3626 693 3679 bc
713 3625 881 3697 depinqendae
899 3627 1016 3683 montom
1068 3632 1121 3697 dio,
1144 3632 1252 3702 diqnum
1264 3637 1392 3696 pontremo
1405 3636 1476 3682 tanto
1487 3627 1539 3682 otio
1553 3626 1690 3695 rideretur.
1710 3625 1774 3682 lion
1788 3627 1866 3698 iqitue

219 3717 316 3772 utute
329 3716 472 3771 commitere
485 3715 628 3784 fabrorum,
645 3734 718 3774 σανα»
731 3720 830 3775 ruetica
844 3719 1017 3776 altercatione
1068 3723 1170 3795 ambiqo
1183 3723 1244 3794 quin
1258 3738 1306 3795 pro
1317 3731 1360 3777 tua
1373 3722 1401 3775 in
1415 3736 1455 3774 nte
1467 3718 1639 3775 benevolentia
1653 3736 1814 3789 superuacuo
1823 3736 1865 3776 re·

219 3809 357 3882 deierptoe,
372 3807 488 3863 colorum
503 3810 557 3879 fuci
568 3819 738 3865 mutatorum
751 3810 857 3866 rolertia
872 3813 1015 3882 perquisiti,
1068 3830 1151 3880 necea,
1169 3812 1269 3868 biantia
1280 3811 1414 3885 tappleor,
1429 3818 1515 3867 errata
1527 3810 1716 3881 reprebendae,
1733 3813 1866 3868 commode

220 3905 300 3961 linteo
310 3909 423 3976 operario
432 3907 564 3964 elaborata
573 3903 875 3974 tectrinir,multiplicem
885 3906 1016 3965 materiam
1030 3881 1054 3948 C
1069 3907 1149 3974 dicto,
1162 3905 1228 3960 mira
1242 3904 1324 3959 onimi
1336 3903 1471 3959 alacritate
1484 3902 1620 3971 eurcipiar.
1632 3901 1698 3968 Qua
1711 3915 1752 3957 rer
1762 3903 1866 3973 impulit

198 4000 205 4015 ’
219 4005 354 4067 prunum.
374 3997 469 4052 Nonne
487 3986 556 4052 idem
571 4012 672 4069 quoque
684 3996 712 4050 in
733 3994 857 4051 bellorum
871 3995 960 4064 uiuitur
974 3995 1015 4048 in·
1070 4000 1172 4071 ptqrnm
1186 3998 1287 4052 conditi
1297 4012 1406 4052 merem.
1423 3993 1526 4050 Ninnios
1539 3996 1607 4050 enim
1620 3994 1683 4049 mibi
1697 3998 1797 4065 fractu
1806 3995 1865 4067 pta.

219 4087 389 4143 utrumentirl
407 4085 460 4141 llic
477 4087 577 4158 opimio
594 4087 694 4159 taqittio
716 4086 834 4154 tumuit,
856 4087 896 4141 illi
916 4085 1016 4140 ualiduu
1068 4092 1152 4146 altura
1164 4089 1306 4145 restituent.
1326 4086 1394 4142 Noui
1409 4087 1503 4159 quippe
1517 4096 1612 4157 quanto
1626 4086 1866 4144 etudioeiurnootru

221 4177 315 4233 tboraa
335 4177 409 4248 niqra
429 4177 505 4247 qemit
523 4176 627 4233 incude.
649 4177 694 4233 brt
712 4177 780 4232 alitro
803 4175 877 4231 eradi
897 4175 1015 4230 nnrtontr
1068 4197 1145 4252 quarn
1159 4188 1308 4235 ceterorum
1323 4179 1389 4234 bono
1407 4178 1554 4249 ditiqarnoe.
1573 4178 1720 4252 ilecteerqo
1732 4180 1866 4248 quaein·

220 4269 344 4341 teqmina,
357 4268 456 4341 proprii
471 4267 568 4323 labori·
586 4268 641 4323 orbi
660 4266 791 4339 infiqenda
811 4277 946 4335 mercatur,
963 4276 1013 4321 tam
1066 4287 1123 4329 reor
1135 4271 1222 4327 Cereri
1237 4271 1346 4340 enlmoe,
1357 4279 1382 4326 et
1395 4279 1510 4326 moturae
1523 4269 1625 4325 Raccbo
1636 4269 1767 4342 palntitee,
1784 4273 1867 4328 eicad

220 4361 308 4416 muttit
326 4362 425 4418 artibuu
446 4377 490 4417 arr
512 4377 563 4418 uno
585 4362 726 4432 perficitur.
751 4360 796 4415 det
822 4361 902 4416 noetri
921 4360 1014 4416 laborie
1068 4375 1092 4419 te
1112 4364 1258 4418 rudimenta
1280 4362 1339 4418 nori
1362 4363 1445 4434 operio
1465 4362 1606 4417 tronemiei.
1627 4359 1668 4415 'lu
1693 4370 1796 4417 tontum
1820 4378 1866 4435 pu·

173 4455 176 4459 ’
221 4453 348 4510 absolutio
362 4455 483 4528 lonqead
502 4454 644 4526 faciliorem
659 4455 738 4508 currit
752 4462 878 4509 euentum.
893 4451 934 4507 Tu
948 4453 1014 4508 eninr
1068 4465 1140 4512 terna
1161 4455 1246 4526 qratia
1264 4462 1380 4510 nostrum
1401 4453 1523 4525 mauritan
1544 4469 1647 4518 munus,
1667 4451 1704 4507 ita
1726 4461 1750 4508 et
1768 4453 1868 4511 babaria

221 4544 293 4601 rolur
307 4561 412 4601 manum
426 4561 543 4618 eupremo
558 4545 765 4617 operiimponcr,
784 4546 812 4600 in
828 4561 878 4616 quo
898 4541 966 4598 nibil
984 4543 1016 4597 de
1067 4546 1117 4600 mei
1135 4544 1263 4615 primitiae
1282 4544 1430 4600 doctissimo
1449 4542 1553 4615 judicio
1577 4541 1745 4610 eonoeerabie,
1768 4553 1793 4599 et
1814 4562 1868 4602 non
1938 4552 1943 4560 ’

222 4635 412 4693 decernentium
427 4653 526 4694 neceere
540 4648 578 4715 ert
592 4638 710 4693 laborare
723 4654 858 4694 conrenru.
873 4635 1016 4702 Quamlibet
1067 4641 1167 4712 rnajore
1179 4639 1322 4697 eenrebitur
1335 4646 1425 4694 auctor
1437 4641 1528 4695 merito
1540 4654 1616 4709 quant
1628 4637 1757 4712 probator.

801 4872 991 4975 LIBER
1021 4875 1284 4981 PRIMUS.

480 5042 593 5110 ceput
614 5041 754 5100 Piitblbibl.
1071 5044 1152 5101 bitem
1170 5045 1345 5104 subeuntium
1356 5047 1507 5104 sortiuntur
1515 5046 1721 5120 ‚comprehensio
1731 5047 1866 5106 veritatte.

467 5136 564 5192 Dinieio
577 5136 771 5193 matbematica.
1072 5139 1140 5197 liene
1161 5147 1251 5196 nutem
1274 5139 1320 5196 illu
1337 5139 1461 5207 dicimus,
1479 5155 1540 5212 qum
1559 5154 1610 5197 nec
1633 5139 1782 5196 intentione
1805 5155 1867 5197 cre·

237 5277 239 5279 .
256 5229 327 5286 lotor
346 5242 440 5286 ornnes
460 5231 556 5301 prisca
574 5230 741 5288 auctoritatis
754 5230 826 5285 riroe
840 5229 897 5300 qui,
914 5227 1016 5300 Pytha·
1072 5239 1161 5298 erunt,
1176 5246 1227 5288 neo
1240 5231 1402 5288 remotione
1422 5232 1589 5298 minuuntur,
1605 5246 1656 5288 neo
1670 5230 1868 5288 turtuttontbos

218 5337 283 5393 gnra
305 5321 384 5389 duce,
404 5321 514 5392 puriore
532 5321 631 5378 mentis
650 5320 756 5377 ratione
776 5319 929 5390 riguerunt,
952 5333 1016 5376 con·
1030 5361 1058 5423 D
1071 5321 1641 5394 permutabuntur!inpropriisemperri,
1655 5331 1868 5377 auaeeenuturm

217 5415 470 5471 eturomantteetnm
485 5423 526 5472 est
543 5414 613 5470 bnnd
624 5429 784 5486 quemquam
800 5413 827 5469 in
843 5411 1018 5485 philosophia„
1070 5413 1198 5470 ouboidiio
1209 5414 1274 5470 nixu
1285 5413 1449 5471 custodiunt.
1463 5413 1525 5469 linc
1535 5418 1624 5468 nutem
1636 5419 1698 5467 runt
1709 5409 1867 5481 qualititer,

219 5503 371 5576 disciplinis
385 5506 418 5562 ud
433 5489 569 5564 cumulum
585 5506 758 5576 perfectionis
771 5504 897 5573 erodere,
912 5506 961 5562 n'ni
972 5506 1016 5562 cni
1071 5504 1244 5574 quantitates,
1260 5503 1367 5572 lormae,
1382 5503 1588 5576 magnitudines,
1602 5502 1758 5574 parvitates,
1773 5515 1869 5573 aequi·

218 5597 281 5653 tntis
297 5599 448 5667 prudentia
458 5600 583 5656 nobilitet
597 5600 713 5671 quodum
727 5598 801 5671 quusi
817 5598 957 5671 quadrivio
970 5613 1017 5654 re·
1071 5597 1171 5666 litator,
1186 5595 1370 5666 habitudines,
1387 5604 1473 5666 actuo,
1488 5595 1690 5673 dispositiones,
1712 5593 1783 5660 locu,
1798 5602 1869 5650 teor·

220 5690 346 5760 eligutur,
363 5691 436 5762 qood
450 5690 677 5749 rocteaolertium
697 5690 827 5748 intuentis
846 5704 901 5747 noo
914 5689 1016 5747 latebit.
1071 5704 1147 5761 poro,
1160 5696 1189 5746 et
1200 5687 1329 5762 quidquid
1341 5688 1485 5746 adunatum
1496 5685 1694 5757 quodammodo
1707 5683 1868 5757 eorporitnu

160 5834 163 5839 .
219 5776 350 5846 botentin
366 5782 497 5843 tumentia
510 5796 601 5841 rerum
625 5798 686 5866 qum
701 5793 765 5842 eunt
778 5783 874 5858 auique
894 5785 1018 5844 immutu-
1073 5780 1217 5842 invenitor.
1238 5778 1304 5853 Quot
1317 5780 1375 5853 ipen
1387 5777 1495 5854 quidem
1508 5785 1604 5840 nutura
1617 5777 1778 5851 incorporee
1789 5782 1868 5844 cunt.
