3906 6180
220 310 268 369 ιιι
729 349 734 353 .
872 300 1058 362 submistum
1077 297 1177 360 PAPAE
1801 307 1857 372 dett

220 423 353 483 ordinatio
374 432 457 497 atque
473 427 608 494 suscepta.
631 417 734 476 cerem
752 431 816 472 vero
829 417 1005 474 clementiore
1019 425 1045 481 Α
1058 419 1158 474 unitate
1173 429 1280 490 recepta
1294 426 1432 492 pungatur.
1445 421 1605 494 specialiter
1621 431 1710 479 autem
1726 434 1856 496 uepreca·

220 518 334 591 gandam
348 518 484 588 indigeant
498 513 679 572 moderamine
695 512 721 567 in
737 510 890 569 nominibus
904 510 1010 568 antisti·
1062 529 1121 568 mur
1136 512 1301 584 pontificium
1314 522 1434 573 vestrum
1449 523 1478 572 ut
1491 531 1541 587 pro
1555 516 1631 573 nobis
1642 516 1758 589 benignu
1771 519 1857 579 nstris

220 618 287 674 tum,
312 624 364 665 non
387 623 482 666 eorum
506 607 550 675 gui
572 604 723 676 specialiter
744 604 878 660 numerati
900 603 1009 660 suntin
1060 603 1151 659 auimo
1162 618 1239 662 orare
1249 604 1377 675 iubeatis.

219 701 332 775 epistola
343 715 422 772 quem
437 698 588 756 sanctitudo
602 708 646 754 tua
660 698 738 755 nobis
751 697 904 756 destinasse
921 698 1010 754 nosci·
1375 697 1542 756 eelsuotn

219 802 274 859 tur,
289 790 338 846 sed
348 790 465 846 aliorum
480 805 593 860 quorum
607 788 765 846 memoriam
778 790 902 845 manime
917 789 1011 845 civita·
1288 803 1403 845 auulsum
1418 807 1452 846 an
1466 806 1627 848 nonsrsnss.

219 891 260 941 tes
271 883 433 952 diligencia
444 882 672 954 quibusssomisse
684 893 830 938 noscuntur
841 883 1009 953 superstites.
1318 879 1472 950 Pontificem
1486 883 1592 940 salutat.

218 974 386 1048 Quapropter
405 975 501 1046 legatis
521 975 631 1048 quidem
657 982 710 1031 tum
731 975 918 1032 sanctitudinis
938 975 1011 1031 nulla
1097 969 1211 1026 Domino
1234 970 1484 1045 beatissimumque
1500 976 1656 1045 apostolieae
1676 977 1748 1036 sedis
1760 979 1858 1050 proba·

219 1068 268 1125 luit
286 1069 393 1125 licentia
414 1067 532 1125 mandati
557 1078 677 1125 tenorem
697 1067 865 1140 egrediendi,
881 1083 942 1124 cum
957 1081 1011 1139 quo
1061 1062 1166 1120 tissime
1185 1064 1304 1135 pontillcl
1324 1064 1475 1122 llurmisdae
1493 1082 1569 1138 papae
1583 1070 1653 1142 patri
1670 1070 1777 1127 liuliaua
1792 1074 1857 1130 dni·

218 1159 313 1216 directi
336 1168 411 1215 sunt.
431 1159 523 1216 Omnis
542 1169 632 1215 eutem
650 1159 711 1214 llnis
731 1158 829 1244 negotii
849 1166 940 1215 vestro
954 1158 1011 1230 jam
1062 1155 1114 1212 cia.

217 1260 321 1310 ιιιιιιιιιι
342 1252 442 1324 pendet
463 1253 594 1317 arbitrio,
609 1260 639 1308 ιι
651 1250 725 1307 solus
743 1265 836 1322 pacem
851 1249 1012 1307 concludere
1097 1251 1163 1319 Qum
1177 1252 1263 1323 prima
1277 1262 1340 1308 sunt
1361 1260 1414 1309 tue
1437 1253 1609 1312 beatitudinis
1622 1255 1792 1314 salutationis
1807 1258 1857 1315 ob-

217 1344 313 1402 debeat
326 1345 371 1417 qui
386 1343 471 1415 prima
484 1344 524 1400 rei
541 1342 687 1400 commovit
698 1342 830 1400 exordia:
849 1341 897 1398 sed
907 1357 937 1398 ee
953 1341 1013 1410 otti·
1062 1344 1155 1415 seouia
1168 1345 1358 1415 persolvimus,
1373 1354 1498 1419 optantes
1517 1358 1547 1403 ιι
1567 1347 1638 1405 banc
1660 1351 1781 1420 paginam
1805 1353 1856 1409 tuis

222 1435 296 1504 dem,
309 1451 360 1493 nec
374 1451 428 1493 non
449 1432 876 1507 quedam,eummemorabuntur
893 1431 1012 1504 apertius
1062 1435 1223 1492 venerandis
1247 1435 1387 1493 obtutibus
1410 1437 1540 1495 Divinitas
1564 1439 1642 1496 iaciat
1662 1442 1810 1507 recenseri,
1829 1452 1856 1499 ut

216 1544 266 1603 per
278 1532 393 1602 legatum
406 1540 543 1597 nostrum,
560 1529 605 1601 qui
618 1528 696 1599 paulo
709 1536 771 1599 post
783 1526 970 1583 destinabitur.
981 1524 1011 1581 ln
1062 1541 1181 1597 prosuae
1196 1526 1324 1585 Ecclesia
1336 1528 1428 1600 vigore
1447 1540 1590 1602 augmenta
1611 1530 1739 1588 salutaria
1757 1542 1856 1588 vestre

216 1625 341 1697 presenti
357 1641 423 1682 vero
440 1623 614 1681 redeuntibus
630 1623 695 1678 viris
713 1621 936 1693 religiosissimis,
956 1628 1010 1675 tam
1061 1615 1124 1672 vltae
1135 1615 1275 1688 suumgsri
1290 1617 1431 1688 dignetur,
1447 1631 1579 1691 quatenus
1594 1630 1620 1678 te
1635 1622 1756 1693 pervigili
1772 1623 1855 1693 possit

174 1701 176 1704 ¹
216 1715 403 1789 appellandam
416 1724 534 1771 vestram
550 1715 729 1771 reverentiam
742 1712 916 1778 credidimus,
930 1727 1010 1782 guam
1061 1719 1154 1765 contra
1166 1708 1298 1766 adversos
1308 1707 1453 1767 etrabidus
1463 1725 1544 1768 canes
1558 1721 1643 1769 status
1655 1712 1784 1773 Ecclesia
1796 1713 1854 1769 vin·

215 1807 450 1876 commonendam,
465 1816 494 1862 ut
504 1808 560 1863 suis
574 1805 740 1862 orationibus
754 1820 803 1875 pro
815 1813 908 1862 nostro
919 1811 1008 1861 utatur
1022 1797 1046 1860 B
1059 1799 1155 1857 dicari.
1175 1799 1292 1870 Etenim,
1318 1801 1480 1858 venerabilis
1503 1813 1591 1874 pater,
1612 1803 1683 1874 quod
1701 1802 1736 1860 de
1754 1812 1854 1860 nostru

216 1897 339 1970 imperio,
357 1912 461 1969 proque
475 1897 604 1955 incolumi
624 1905 694 1952 statu
711 1896 876 1967 reipublice.
893 1896 958 1953 [tata
972 1911 1009 1953 ιιι
1061 1890 1123 1948 ildei
1143 1890 1297 1963 integritate
1319 1907 1410 1948 curam
1432 1894 1521 1964 geris,
1534 1893 1640 1951 vicariis
1658 1894 1767 1966 gloriosi
1782 1894 1853 1951 i’etri

215 1987 275 2046 mus
288 1987 362 2055 tulit,
377 1987 616 2059 consununopou.
632 1986 765 2043 vitaliano
778 1995 805 2043 et
818 1986 929 2044 illusum
944 1986 1009 2045 stris
1060 1982 1174 2053 apostoli
1196 1982 1246 2038 ssu
1265 1984 1444 2051 conveniunt,
1459 1985 1502 2041 cui
1517 1986 1646 2042 cominus
1660 1986 1852 2057 iasmudamm

215 2080 369 2138 dirissimis
382 2081 538 2140 consulibus
552 2082 634 2153 (anno
648 2081 754 2136 nomini
767 2079 843 2152 519).
1060 2073 1151 2129 ovium
1165 2073 1282 2143 iniunxit
1293 2074 1421 2130 uilicium.
1438 2073 1589 2147 Cognoscat
1602 2089 1667 2150 ergo
1684 2086 1728 2134 tua
1743 2094 1791 2150 pro
1806 2094 1854 2135 no-

529 2173 695 2230 Eelsrold
1059 2163 1207 2222 bissancta
1221 2165 1391 2233 sollicitudo,
1408 2182 1457 2223 nos
1475 2168 1579 2227 tirmius
1593 2177 1685 2227 tenere
1698 2171 1852 2250 rectaddu'

359 2281 503 2323 aurursus
517 2281 646 2323 aucusrn
657 2282 690 2323 an
703 2279 863 2321 nonsrsnarr.
1060 2256 1214 2314 firmitatem
1230 2257 1417 2314 immobilem:
1433 2274 1482 2329 pru
1500 2275 1552 2331 qua
1575 2275 1609 2317 ne
1627 2262 1686 2332 eius
1708 2264 1853 2319 violaretur

215 2357 376 2414 euertissent
389 2357 517 2428 pontificis
524 2357 681 2412 motionibus
693 2356 841 2412 sertuirum
851 2372 927 2412 suum
938 2370 1008 2410 rom·
1059 2350 1235 2407 sanctimonia
1248 2350 1377 2409 hactenus
1388 2355 1603 2425 repugnavimus.
1620 2354 1696 2422 Quod
1711 2347 1775 2413 iero
1790 2366 1852 2416 tuus

560 2429 671 2482 'mli'-
1058 2445 1226 2517 apostolatus
1249 2459 1300 2517 pro
1327 2454 1408 2502 tantae
1434 2446 1541 2519 pletatis
1562 2462 1643 2505 causa
1665 2461 1758 2506 curam
1783 2451 1854 2509 terro

250 2521 398 2594 3¹¹l¹¹¹0¹¹¹5³
414 2523 531 2594 &liniti
543 2522 692 2578 fl⁰f¹¹¹i⁵dffi
706 2537 792 2593 1¹³1)ae-
1059 2539 1207 2610 precepit,
1221 2538 1251 2595 iu
1268 2543 1397 2611 quantum
1419 2541 1556 2612 potuimus
1575 2558 1625 2612 pro
1641 2546 1741 2600 nostris
1751 2545 1854 2602 viribus

248 2612 425 2669 Mlilldissli
437 2623 532 2670 leiim
550 2613 653 2669 ¹¹¹¹⁰f¹⁸
666 2621 740 2684 grato
757 2612 932 2684 1⁰⁰¹¹¹¹d⁰l⁰0
945 2625 1007 2668 ⁵¹¹⁸·
1059 2644 1113 2686 non
1131 2630 1280 2688 desivimus
1299 2630 1397 2703 spiritu
1411 2632 1529 2690 lenitstis
1545 2633 1674 2690 adversos
1696 2635 1852 2707 admonere,

214 2705 334 2779 ωΡῙΠΝῧ
348 2708 439 2762 ²⁰5¹¹¹⁰
455 2724 461 2759 ²
476 2720 554 2777 ‘luem
569 2705 669 2762 θῑθῦῑῐῃ
682 2704 738 2761 Μ
755 2705 841 2761 ⁵⁰¹¹¹¹¹¹
854 2703 1007 2776 ll)osmlicae
1058 2729 1087 2778 et
1100 2722 1148 2779 Dei
1163 2722 1240 2780 nubis
1249 2723 1336 2795 gretia
1349 2734 1511 2795 cooperante
1513 2763 1568 2782 .....
1581 2728 1650 2783 deest
1661 2730 1799 2802 religatam.

213 2798 286 2856 sedis
300 2798 446 2856 aucteritas
459 2796 594 2865 celebrat,
608 2797 655 2853 sed
670 2797 732 2853 vitae
750 2811 855 2869 quoque
872 2810 1008 2852 commen-
1308 2838 1474 2898 EPISTOLA
1489 2840 1601 2896 mm·

213 2890 260 2948 dat
274 2890 423 2962 integritas,
440 2898 467 2946 et
480 2890 599 2946 studiosa
614 2898 694 2947 rectae
710 2889 771 2945 ildei
785 2888 911 2955 solertia,
928 2888 1008 2957 buius

214 2981 296 3038 verba
306 2980 366 3052 quis
379 2995 432 3035 nun
447 2979 631 3036 libentissimis
642 2980 771 3050 suscipiet
785 2978 1008 3050 auribusllgilur
1095 3020 1233 3077 mmm
1246 3022 1329 3078 mm
1344 3032 1368 3078 a
1382 3023 1458 3078 m,
1487 3024 1654 3080 mmm
1667 3025 1795 3096 fieriu.

213 3071 347 3146 poscimus
357 3085 389 3127 ac
399 3079 578 3128 munemusut
587 3071 754 3129 erationibus
763 3070 860 3126 vestris
871 3083 1007 3140 nunquam
1095 3111 1236 3169 nomm
1249 3114 1257 3170 Ι
1293 3114 1344 3169 “is
1359 3115 1415 3171 wis
1470 3041 1486 3094 ⁹
1767 3038 1814 3098 μ’*

209 3163 327 3220 excedat
341 3177 439 3219 nomeu
452 3177 553 3230 meunt,
568 3177 600 3220 ac
614 3163 748 3234 praecipue
762 3161 928 3219 serenissimi
940 3175 1044 3244 con-c
1094 3202 1132 3259 ¹„
1156 3219 1205 3261 m
1226 3128 1425 3263 ing'umimis‘
1440 3216 1467 3262 et
1489 3215 1596 3264 nemum

212 3254 283 3327 jugie
298 3254 400 3321 nostri,
415 3253 462 3309 sed
478 3260 532 3309 tant
548 3253 655 3323 utrique
670 3261 840 3318 nostrorum,
855 3266 936 3322 guam
951 3250 1005 3307 rei·

214 3345 327 3418 publicae
347 3359 494 3416 supernum
518 3343 642 3416 precibus
663 3344 761 3400 vestris
778 3345 900 3415 placetur
915 3344 1009 3416 presi-

214 3435 298 3494 dium.

1328 2947 1363 2987 sb
1379 2946 1495 2989 exstrue
1510 2947 1583 2988 illos.

1618 3215 1766 3268 vestromln
1785 3228 1849 3273 cura

1059 3297 1196 3369 sollicitat,
1212 3307 1242 3355 ut
1253 3298 1376 3370 quamvis
1392 3299 1576 3371 trequentibus
1591 3304 1777 3362 occasionibus
1797 3323 1850 3366 non

1059 3392 1296 3461 praetermittamus
1317 3392 1431 3461 bertari,
1451 3393 1583 3450 cer-'tiores
1604 3410 1654 3452 nos
1676 3395 1711 3454 de
1732 3398 1774 3454 luis
1790 3416 1850 3470 quar

431 3529 434 3534 .
530 3505 696 3563 Epgswm
1058 3481 1130 3538 circs
1144 3496 1192 3538 vos
1201 3490 1316 3554 aguntur
1329 3483 1388 3539 deri
1401 3483 1497 3540 litteris
1510 3484 1849 3547 seruantissimum

445 3614 556 3656 cmm
570 3615 776 3656 mmmm·
1058 3589 1107 3646 per
1129 3575 1264 3632 bominem
1285 3576 1397 3632 illustris
1417 3577 1466 3633 viri
1489 3587 1569 3648 atque
1592 3580 1727 3650 magniloci
1746 3581 1849 3652 patrimi

213 3691 366 3765 mmmm
378 3709 456 3763 om
466 3693 689 3764 Comanfinopofi
702 3709 788 3748 ,mm
799 3693 906 3763 pacifice
915 3694 1007 3760 „im
1058 3666 1108 3723 lilii
1118 3669 1203 3724 nostri
1218 3667 1323 3739 bgspiti
1333 3667 1476 3726 desideriis
1489 3669 1585 3725 vestris
1599 3684 1731 3742 oosrgruos
1744 3675 1850 3731 miseri·

258 3763 328 3835 guod
339 3773 363 3819 et
378 3765 404 3818 in
419 3764 479 3820 otiis
491 3764 633 3819 ciuitatibus
647 3764 714 3820 breui
727 3768 843 3836 [uterum
860 3774 956 3834 sperat.
1058 3759 1239 3826 mundatus,
1252 3769 1281 3816 et
1291 3774 1362 3817 nuuc
1374 3775 1482 3831 quoque
1497 3761 1639 3818 anxietatis
1651 3773 1747 3820 vestrm
1758 3767 1849 3823 credi·

202 3923 204 3927 ι
248 3852 363 3911 Domino
384 3855 540 3912 beatissimo
560 3864 588 3912 et
606 3856 756 3926 apostolico
768 3857 836 3926 patri
857 3854 1007 3911 llormisdac
1058 3848 1147 3904 dimut
1156 3849 1302 3918 solatium,
1317 3851 1340 3907 tl
1354 3851 1389 3907 td
1400 3865 1449 3907 ms
1462 3853 1606 3924 presentia
1618 3855 1715 3927 scripta
1727 3856 1849 3915 mittere-

212 3943 292 4002 Geler
305 3946 346 4003 vir
357 3948 480 4003 illustris.
1058 3958 1137 4000 mue:
1151 3952 1252 3999 tantum
1264 3945 1306 4001 cs't
1320 3951 1349 4000 ut
1360 3945 1394 4002 de
1403 3946 1507 4003 actibus
1519 3955 1602 4018 etque
1612 3949 1740 4019 sospitate
1750 3963 1849 4021 vestra,

248 4037 363 4095 Maxima
377 4039 455 4096 nobis
474 4040 661 4111 populationis
676 4056 756 4098 causa
770 4049 922 4112 praemone,
938 4054 1006 4113 qun.
1058 4050 1109 4092 nec
1122 4051 1175 4092 non
1187 4045 1216 4092 et
1229 4038 1263 4093 de
1273 4051 1347 4092 mora
1369 4052 1416 4108 per
1427 4052 1507 4109 quarn
1518 4052 1566 4095 vos
1579 4039 1692 4096 detineri
1705 4041 1849 4111 plurimum

213 4129 282 4188 tietrs
293 4130 325 4187 ad
339 4131 643 4201 apostolatumvestrum
658 4132 793 4191 scribendi
806 4144 911 4203 tempus
924 4149 1007 4192 emer·
1057 4126 1191 4195 dolemus,
1206 4127 1332 4186 relevetis
1344 4142 1394 4184 nos
1407 4129 1589 4201 alloquiissub
1602 4133 1744 4191 occasione
1755 4135 1849 4195 idonea

212 4222 288 4280 serie
298 4221 373 4278 Nune
386 4223 467 4293 igitur
480 4232 618 4281 remeante
632 4225 787 4281 beatissimo
800 4226 935 4284 Germano
948 4227 1006 4297 epi·
1058 4221 1207 4291 portitoris.
1223 4221 1288 4276 Del·
1312 4237 1338 4276 tv
1355 4221 1417 4278 idus
1433 4221 1530 4292 lullae,
1547 4223 1658 4282 ilustico
1672 4227 1733 4282 viro
1755 4227 1849 4285 claris·

213 4327 306 4384 scopo,
321 4314 364 4370 vel
378 4315 694 4383 reverendissirrsisviris,
706 4317 751 4389 qui
766 4336 781 4375 a
794 4319 869 4377 vobis
880 4336 928 4389 pro
942 4334 1007 4378 con·
1058 4313 1127 4369 Simo
1141 4313 1252 4370 0⁰¹¹⁸¹¹¹⁰
1263 4315 1344 4384 (²⁰⁰⁰
1358 4315 1466 4371 ὓθωῑῦῑ
1481 4315 1555 4389 52⁰)-

212 4405 354 4477 iungendi»-
369 4408 470 4464 sanctis
489 4407 617 4465 Ecclesiis
640 4410 746 4466 luerunt
760 4411 898 4481 destinati,
913 4427 1007 4470 neces·
1315 4424 1482 4486 Epgspogg
1499 4426 1593 4487 ιχιχ,

212 4499 311 4554 sarium
322 4498 446 4556 duximus
454 4503 623 4557 sanctitatem
630 4513 746 4560 vestram
758 4503 857 4561 debere
869 4505 1004 4575 venerari,
1019 4554 1045 4618 D
1371 4534 1406 4575 g„
1421 4533 1535 4576 mm,

212 4590 362 4649 indicantes
386 4593 537 4650 antedictos
559 4593 684 4651 babuisse
703 4596 811 4667 quidem
834 4597 952 4654 studium
975 4607 1005 4655 nt
1058 4607 1121 4663 cirne
1142 4609 1339 4666 committamur
1363 4627 1414 4666 nos
1430 4612 1570 4683 irrepsit,
1586 4611 1671 4669 mon'et
1685 4624 1712 4670 ss
1726 4616 1847 4677 scibam,

212 4683 376 4739 voluntatem
397 4696 514 4742 restrum
534 4687 629 4756 pierrus
642 4697 799 4758 sequeretur
814 4688 941 4756 ellectum
956 4689 1005 4747 ted
1093 4698 1234 4757 ilormisda
1255 4702 1389 4760 Gennem
1410 4703 1554 4776 episcopo,
1570 4705 1653 4764 Felici
1675 4715 1703 4765 et
1721 4709 1849 4772 Dioscore

212 4775 275 4847 guia
287 4784 371 4831 totum
381 4792 479 4848 corpus
492 4788 550 4835 erat
563 4779 709 4848 inilrmurn,
719 4781 826 4838 interim
836 4782 1004 4854 caput,quod
1057 4791 1189 4862 diaconis,
1203 4803 1231 4850 et
1245 4793 1346 4851 blando
1358 4797 1526 4869 presbytero.

212 4867 287 4936 prius
309 4872 490 4926 necessarium
508 4871 661 4943 iudicatur,
681 4874 803 4932 adhibito
828 4876 1006 4935 medicamine
1092 4884 1205 4943 Animos
1219 4895 1326 4945 nusmos
1343 4895 1396 4944 tam
1415 4888 1571 4946 diuturnum
1585 4892 1738 4950 dilectionis
1752 4906 1849 4957 vestrm

211 4965 302 5012 Velim
322 4969 444 5016 multllm
463 4971 521 5028 0⁸²,
537 4971 565 5020 0¹
578 4964 712 5022 dissiwslll
725 4981 785 5036 (1¹¹2
800 4975 859 5023 ΕΜ
873 4968 942 5023 illle?
960 4983 1007 5025 ve·
1057 4977 1245 5049 silentiumne
1256 4987 1391 5038 tantorum
1403 4991 1553 5054 temporum
1564 4988 1706 5045 contristat
1714 4991 1848 5063 absence,

212 5047 347 5104 errabiles
366 5049 500 5109 Ecclesiae
515 5054 662 5114 itomanam
685 5065 712 5113 et
731 5055 1003 5130 Constantinopolita-
1057 5071 1190 5142 precipue
1211 5087 1271 5130 cnm
1285 5074 1327 5130 sir
1340 5076 1496 5148 magnilicus
1520 5081 1647 5150 patricius
1659 5082 1849 5156 Symmachus,

211 5158 274 5202 usur
296 5144 397 5201 unitate
420 5147 617 5209 interveniente
636 5152 740 5225 sepulta
760 5160 812 5220 est,
832 5161 860 5209 et
878 5154 931 5209 elit
947 5167 1001 5211 uun
1056 5170 1084 5219 et
1099 5164 1139 5220 vir
1154 5164 1265 5222 illustris
1277 5162 1415 5224 Romanus
1430 5169 1559 5241 magister
1574 5171 1689 5229 militurn
1705 5174 1850 5233 tiliinostri

211 5248 294 5306 parva
311 5236 431 5294 membra
455 5239 551 5296 similis
570 5241 819 5315 biriuitatlsgratis
834 5253 945 5315 purgata
959 5254 1003 5303 st·
1057 5256 1171 5314 rastrum
1198 5257 1269 5329 apud
1297 5273 1348 5316 nos
1370 5260 1490 5320 amede
1513 5269 1610 5318 vestras
1634 5265 1694 5319 stne
1720 5264 1849 5327 dilatione

103 5353 106 5357 ·
210 5343 264 5402 mre
276 5329 429 5402 coniuncta.
444 5331 518 5388 Hanc
531 5334 611 5390 etiam
631 5349 707 5406 spem
729 5337 846 5408 gerimus
869 5337 1001 5407 universi,
1055 5346 1284 5419 pmmisertns‚nr
1298 5351 1766 5421 rgnnnmnsnrmmiltlcesnmmm
1781 5375 1849 5428 qua.

210 5420 282 5494 guod
299 5423 382 5494 gratia
398 5423 463 5492 liei,
476 5438 536 5496 oue
550 5439 658 5497 semper
668 5427 727 5485 sedi
745 5439 841 5486 vestre
856 5429 1003 5500 permansit
1056 5437 1133 5504 litas,
1146 5451 1181 5493 an
1195 5449 1270 5497 certe
1290 5441 1364 5498 bans
1380 5443 1469 5515 aliqua
1480 5444 1603 5502 simulsts
1616 5447 1667 5502 sub
1684 5454 1848 5513 necessitate

210 5515 658 5587 etpermsuet,bu1usmodivobls
681 5519 882 5590 inspirationem
895 5520 1002 5578 bonita-
1055 5527 1188 5596 detineat;
1208 5531 1270 5601 quia
1294 5532 1372 5590 nobis
1395 5535 1604 5594 sollicitudinem
1623 5538 1682 5598 sine
1694 5549 1847 5607 cessatione

210 5604 245 5662 tis
256 5607 385 5677 praebeat,
400 5611 641 5669 etmansuetudine
651 5621 679 5668 et
690 5611 892 5685 dispensatione
913 5624 1001 5673 vestra
1054 5619 1225 5691 gerentibus,
1240 5631 1269 5680 et
1284 5638 1353 5695 pene
1367 5625 1508 5684 universos
1523 5629 1646 5689 homines
1661 5634 1766 5694 illarum
1786 5655 1847 5711 par·

210 5695 341 5768 reliquum
354 5700 441 5757 adbuc
453 5717 562 5776 eorpus,
576 5703 648 5778 qrrud
663 5703 777 5763 babetur
787 5707 922 5764 infirmum
934 5705 1000 5780 (sic-
1053 5711 1118 5769 dum
1131 5716 1378 5786 percunctantibus,
1389 5717 1495 5778 diuersa
1510 5731 1538 5779 et
1557 5723 1697 5784 dissimilis
1716 5731 1846 5792 nuntian-

211 5796 240 5851 ιι
263 5790 420 5865 superiora
442 5795 520 5855 uobis
541 5796 678 5873 dictem),
705 5812 795 5859 vestro
823 5800 1000 5870 medicsmipe
1052 5813 1097 5868 tur
1121 5825 1127 5861 ε
1149 5816 1178 5868 et
1195 5807 1267 5885 ideo,
1283 5812 1410 5888 quoniam
1431 5829 1481 5875 vos
1491 5831 1587 5877 musas
1607 5829 1689 5880 tantae
1712 5790 1843 5892 tarditatis
