3906 6180
139 314 176 372 es
572 278 576 287 ’
785 319 1155 379 artsrotsaunna.t.
1737 330 1799 393 aa·

138 433 194 488 diri
212 432 318 504 quidem
343 447 413 504 saepe
428 433 489 491 talia
505 450 512 488 r
530 434 577 490 sed
588 435 725 500 coailtcor,
738 450 790 490 aon
812 438 924 507 recepi:
940 441 1053 504 Aleuas
1069 442 1139 509 picta
1161 443 1300 513 proposito
1313 461 1321 500 ι
1334 459 1383 501 nos
1405 447 1438 501 ad
1461 447 1529 504 bane
1552 450 1678 508 fabricam
1699 457 1771 513 anila

140 528 202 599 qaia
219 527 372 596 frequentes
392 530 565 584 necessitates
579 528 710 583 desideria
726 531 929 598 transcendant,
982 532 1189 603 praecedentiam
1212 538 1362 593 studiorum
1387 539 1449 594 lima
1471 545 1621 611 composuit
1643 564 1649 598 :
1674 549 1773 604 nodam

139 632 165 678 et
180 623 240 676 siaa
259 620 463 676 intermissione
483 620 563 675 tiruar
578 621 648 676 cedit
665 621 780 681 affectui.
802 621 931 678 Volttntas
982 625 1081 680 scimus
1095 626 1127 681 ad
1142 629 1358 697 conjunctionem
1372 630 1468 688 adens
1480 638 1649 693 concordiam
1667 656 1673 693 :
1690 640 1772 695 urba·

141 719 168 772 in
179 718 255 787 culpa
269 726 322 783 est,
336 730 396 782 quae
410 718 569 772 concionata
580 719 753 772 excusatione
767 717 928 774 delenditnr.
982 718 1092 770 nitatem
1113 717 1182 771 inter
1196 733 1274 774 caros
1292 732 1321 773 nt
1338 736 1441 777 senene
1458 727 1619 794 respuimus.
1634 730 1720 799 Ergo,
1733 729 1771 785 mi

140 798 497 879 Eecumidomiaeqnam
514 811 743 881 magnadoleam,
762 811 928 866 cumoldcio
980 808 1103 876 domiue,
1121 810 1309 870 salutationem
1323 815 1468 884 accipiens,
1480 830 1613 874 amantem
1628 823 1666 877 tui
1680 825 1706 875 ia
1719 823 1770 878 bae
1872 800 1876 804 ⁴

138 900 307 956 salutationis
320 902 438 969 esserui;
462 902 620 970 perlatorem
636 903 741 974 utrique
763 918 867 969 aarum,
880 918 930 975 pra
981 898 1069 966 potios
1081 909 1156 968 parte
1167 912 1281 970 sectare,
1295 912 1322 959 et
1332 906 1502 962 utenburam
1514 910 1574 966 tidei
1587 926 1636 981 per
1646 896 1772 982 lreqaeu-

140 995 191 1049 dde
201 1008 252 1050 soa
265 1004 293 1050 et
308 995 448 1051 nobitttate
462 997 663 1055 commendans.
680 1003 709 1051 at
725 996 856 1052 benedicio
869 995 928 1052 enl-
980 990 1043 1046 tiam
1055 995 1187 1047 sermonis
1202 994 1353 1064 impendas,
1370 1007 1398 1052 et
1410 1014 1444 1054 es
1458 1011 1564 1057 secreto
1577 1006 1691 1074 pectoris
1704 1006 1771 1061 inlo-

137 1085 216 1140 otlaia
237 1085 319 1141 rostri
342 1075 512 1141 inimicorum
535 1087 676 1142 insolentia
692 1089 795 1143 tecbois
811 1085 929 1159 saisop-

138 1191 230 1247 pressa
242 1177 391 1248 sublaceat.
410 1177 484 1234 llale.

380 1265 545 1323 bristout
565 1266 687 1324 xxtitt.

369 1373 498 1415 eunomus
517 1359 527 1395 ⁸
548 1372 697 1414 montane.

980 1093 1038 1140 cata
1051 1089 1215 1155 exspectanti
1231 1090 1311 1143 acrba
1323 1092 1465 1147 concedas.
1482 1093 1555 1150 i'ale.

1227 1181 1392 1239 aristote
1413 1184 1523 1241 XXXV.

1211 1286 1338 1327 autentus
1352 1273 1363 1304 ¹
1382 1290 1539 1331 araontarto.

1014 1357 1043 1414 lo
1055 1373 1106 1416 oso
1114 1369 1154 1416 est
1165 1360 1230 1416 viris
1242 1377 1344 1416 morum
1359 1363 1481 1418 claritate
1492 1365 1653 1434 fulgentibus
1664 1367 1772 1436 religio

176 1453 317 1522 Pctatquam
336 1453 425 1506 sotira
447 1450 513 1505 mibi
526 1452 672 1507 necessitas
690 1459 778 1507 restra
797 1452 928 1509 beoellclo
979 1464 1039 1506 nem
1054 1450 1177 1504 amicitiae
1192 1465 1240 1520 per
1254 1453 1385 1513 cottonem
1397 1454 1498 1509 raotrire
1510 1455 1636 1524 colloquii
1648 1473 1655 1510 ι
1666 1467 1697 1523 ut
1707 1458 1770 1513 dnm

137 1544 316 1614 proximitatis
325 1543 452 1599 desiderii
474 1544 556 1612 empsit
574 1543 707 1613 spondere
720 1545 855 1611 edentum,
871 1544 928 1598 aul·
978 1540 1071 1611 gratiae
1086 1541 1206 1611 germina
1224 1541 1279 1599 lota
1300 1542 1526 1603 caraiabmatimia
1548 1550 1716 1616 animantur,
1736 1549 1773 1605 ad

138 1636 233 1691 moad
255 1635 375 1704 longiora
399 1635 558 1700 trarrsiistis3
580 1645 607 1689 et
627 1650 687 1690 carra
708 1636 842 1706 Liguriam
858 1650 927 1706 pone
980 1647 1095 1688 mesum
1108 1634 1261 1702 conjunctio
1270 1633 1397 1690 loederuta
1407 1638 1553 1705 perveniat.
1567 1637 1618 1694 Per
1629 1640 1686 1695 isaac
1697 1641 1771 1695 enirn

140 1744 219 1784 maan
235 1727 401 1796 contingitis.
424 1727 540 1795 linguam
564 1726 637 1783 lerils
657 1731 817 1797 deputastis.
842 1728 927 1781 birras
979 1722 1070 1778 munia
1085 1722 1169 1777 noluit
1187 1724 1277 1780 senior
1296 1725 1465 1794 providentia
1480 1727 1609 1783 absentiae
1627 1729 1663 1782 nil
1677 1728 1770 1785 licere.

137 1822 212 1878 licuit
227 1822 357 1876 absentia
370 1820 432 1875 darm
444 1821 611 1874 sanctitatem
628 1830 742 1875 cestram
758 1821 858 1888 probra
869 1821 926 1875 tia·
943 1813 1073 1875 anaim
1088 1817 1121 1871 de
1140 1817 1215 1872 nobis
1239 1818 1475 1875 eaaeradetissimus
1496 1821 1634 1876 bominum
1655 1821 1772 1878 domitus

136 1926 194 1971 rom
206 1912 347 1991 interualla
361 1922 503 1969 nonerunt
518 1907 524 1963 't
542 1915 670 1981 qrerrsabat
680 1915 776 1968 conlctb
788 1914 860 1968 datio
872 1913 927 1969 dis·

137 2007 235 2077 pendia
247 2006 369 2070 visionis,
385 2015 411 2060 et
425 2007 451 2059 in
463 2005 589 2059 remediis
603 2006 707 2072 prouisa
723 2006 867 2076 diligentie
880 2006 926 2060 llt·

140 2109 258 2151 terarum
273 2096 431 2151 commercia
452 2098 646 2165 perstabantor
671 2112 678 2150 :
700 2112 747 2166 pet·
760 2112 819 2166 aptam
837 2096 925 2152 allicio

139 2188 212 2244 inter
226 2188 388 2243 habitatione
401 2188 531 2243 discretos
545 2189 582 2243 nil
604 2189 705 2258 peribat
730 2188 846 2243 aibctui.
861 2187 926 2255 Sed,

137 2281 230 2348 credo,
245 2281 345 2349 eligitis
364 2280 455 2335 amicis
476 2280 626 2334 dilllelliara
650 2279 790 2336 tribuere:
810 2295 863 2335 non
876 2296 928 2348 pu·

137 2382 226 2426 santes
239 2370 409 2437 beneficiam,
424 2372 446 2426 si
460 2386 554 2440 pascar
568 2373 594 2425 in
609 2381 680 2426 tanta
695 2372 832 2427 vicinitate
843 2372 927 2427 atillo·

137 2465 214 2536 qaiis.
239 2467 274 2519 At
296 2478 361 2534 ergo
379 2478 470 2519 casum
487 2480 576 2520 meum
591 2479 667 2520 versa
681 2466 859 2520 aestimatione
869 2479 928 2520 sus·

136 2558 206 2625 piro,
219 2570 255 2610 oe
268 2556 407 2610 beatitudo
420 2565 463 2611 tua
475 2559 596 2612 retulerit
607 2557 640 2611 ad
650 2556 792 2624 judicium,
802 2557 871 2624 qood
881 2569 929 2610 es·

137 2646 226 2704 hibuit
240 2648 447 2714 blandimentis;
471 2647 536 2702 dnm
559 2649 629 2717 tpttad
652 2647 798 2716 praecessit,
821 2649 929 2704 ascribit

141 2747 265 2807 scarpam,
280 2752 333 2794 uon
351 2738 448 2793 atnori.
463 2738 587 2794 Facessat
603 2753 618 2793 a
643 2749 737 2795 nostro
758 2739 786 2794 ln
802 2725 928 2797 ¹atalcltlls

178 2877 185 2906 ¹
203 2873 345 2929 Hormisdou
374 2875 499 2931 Diacono.
515 2874 573 2930 bib.
586 2891 642 2942 unt.
657 2878 736 2944 epist.
748 2879 793 2934 53.

175 2945 185 2976 ¹
200 2944 348 3010 Aproniano
374 2945 403 2999 t.
419 2944 439 3001 l.
455 2945 542 3000 comiti
556 2948 594 3001 rei
612 2948 730 3015 privatae.
752 2935 929 3002 Cassiodorus
1001 2953 1070 3001 atur.

137 3015 185 3070 lib.
200 3026 257 3080 rats,
270 3017 350 3084 epist.
364 3017 459 3070 oltltna
476 3033 482 3068 ε
504 3017 652 3086 Aproniana
665 3018 720 3072 aira
735 3019 833 3072 illustri
845 3006 967 3071 caraltiC

981 1908 1095 1963 Faustus
1108 1909 1235 1978 predicat
1249 1911 1384 1980 singulare
1399 1913 1591 1967 testimouium.
1613 1913 1677 1968 Siue
1700 1913 1771 1970 trube

980 1999 1058 2054 datur
1071 2005 1192 2070 agnosci.
1208 2002 1273 2056 nibil
1286 2003 1320 2058 de
1332 2018 1365 2058 eo
1378 2002 1565 2068 dubitandam,
1582 2019 1660 2073 qoem
1674 2003 1771 2073 proba·

980 2101 1023 2148 tus
1036 2095 1145 2150 attollit.
1158 2095 1211 2152 Sed
1226 2112 1296 2151 tronc
1306 2096 1338 2151 ad
1351 2098 1470 2163 epistole
1484 2099 1617 2166 angustiae
1630 2112 1674 2151 me
1689 2096 1771 2152 retlu·

981 2202 1061 2254 cens,
1077 2189 1187 2243 secretis
1201 2189 1317 2244 debitam
1338 2189 1443 2244 laudem
1463 2189 1558 2244 claudo
1578 2190 1770 2257 penetralibus.

981 2295 1015 2337 tte
1027 2282 1098 2351 qood
1112 2282 1181 2352 apud
1195 2292 1319 2338 externos
1333 2282 1483 2339 laciendum
1497 2292 1556 2350 est,
1571 2283 1641 2351 apud
1659 2297 1708 2338 noa
1717 2268 1772 2338 im·

982 2373 1298 2442 portunitateranceseat.
1315 2373 1390 2443 Vale,
1403 2373 1439 2428 rui
1449 2373 1566 2439 domine,
1580 2373 1768 2429 salutationem

982 2464 1250 2535 obsequentissimam
1270 2465 1428 2536 accipiens:
1446 2466 1528 2522 baum
1547 2480 1652 2535 precor,
1668 2475 1696 2519 ιιι
1710 2479 1772 2536 pro·

981 2571 1061 2627 spera
1076 2568 1163 2615 restra
1182 2559 1209 2615 in
1225 2561 1330 2628 longum
1346 2559 1513 2630 producens,
1530 2559 1594 2614 mibi
1608 2573 1713 2630 qaoque
1726 2573 1772 2615 ae-

982 2648 1077 2704 cuadis
1093 2651 1241 2707 amicorum
1262 2651 1434 2708 successibus
1453 2650 1584 2723 spondeat
1608 2651 1770 2709 auctionem.

985 2738 1058 2796 Vale.

1016 2873 1149 2931 'natarum
1164 2874 1216 2932 Sed
1231 2875 1359 2946 nondam,
1375 2876 1479 2947 opinor,
1495 2875 1546 2954 ch
1560 2874 1662 2933 bonore
1676 2877 1771 2949 lunge·

687 3179 877 3305 LIBER
920 3175 1225 3301 QUINTUS.

383 3389 548 3447 bristout
567 3388 682 3449 eblus.

316 3498 444 3540 sanantes
465 3485 472 3515 ¹
492 3499 597 3539 ararnio
619 3496 749 3539 rnrntcto.

178 3577 241 3631 bom
257 3590 307 3646 pra
328 3575 490 3631 ueneranda
510 3575 640 3646 religione
657 3573 829 3628 corrscientlae
846 3572 929 3629 rerba

138 3670 252 3740 dirigitis
265 3669 294 3725 lo
307 3669 487 3740 Aquileiensis
498 3667 779 3734 electionepontificis,
796 3674 823 3721 et
833 3665 929 3721 dirials

138 3762 240 3816 initiate
252 3762 343 3832 lingna
354 3761 468 3815 cultibus
485 3761 581 3815 militet
595 3757 791 3822 consecrando,
805 3758 831 3811 ia
848 3758 930 3826 ignoti

141 3868 193 3907 nos
202 3852 340 3922 diligentia
358 3865 511 3906 sermonum
523 3850 625 3905 vincula
640 3858 783 3904 tenuerunt
796 3864 802 3900 ι
815 3847 875 3915 quia
889 3846 930 3900 ni·

140 3946 179 4000 bit
190 3955 299 4014 superat
308 3943 426 4013 iudiciis,
440 3942 564 4010 qarotieus
577 3940 676 4011 aliquid
692 3941 818 4011 probatos
827 3940 930 3997 extule-

139 4042 185 4096 rit.
208 4038 278 4108 Quid
303 4037 376 4093 etaim
403 4037 543 4093 sententiae
570 4037 722 4108 sequacium
748 4036 930 4106 derelinquat,

140 4128 246 4200 qnando
256 4127 370 4198 justitiae
384 4127 551 4196 obsequitur,
567 4129 643 4198 cuius
657 4130 683 4183 ln
700 4143 815 4183 examen
834 4125 930 4182 delini·

141 4223 180 4274 tio
194 4235 246 4274 aon
255 4218 384 4273 amatori
395 4218 481 4286 agitis
495 4221 564 4273 trono
578 4218 748 4274 cortscieatiae
759 4218 829 4288 qarod
841 4229 929 4274 restro

140 4310 186 4363 nix
200 4316 342 4377 negaretur
355 4308 479 4378 imperio.
495 4307 640 4363 Ealtibult¹
655 4308 726 4364 inter
738 4309 930 4365 arbitrosllar·

140 4398 230 4455 collini
244 4397 402 4456 reiterabilis
416 4399 545 4471 collegam
560 4401 692 4456 matrimus
712 4399 861 4470 bominum,
879 4401 931 4458 ltu·

983 3389 1157 3458 mediocrem,
1179 3403 1212 3444 ae
1231 3385 1352 3457 precelsi
1372 3393 1444 3441 esset
1465 3393 1589 3455 suspecta
1607 3384 1771 3454 praedicatio.

982 3479 1195 3537 Clarissimorum
1209 3477 1360 3533 testimonia
1376 3483 1405 3530 nt
1415 3474 1487 3531 uires
1498 3475 1640 3544 accipiant,
1656 3475 1772 3534 colanias

982 3571 1156 3642 castigantur.
1175 3569 1248 3625 Fells
1272 3566 1471 3631 secerdotium,
1489 3566 1532 3621 cni
1552 3564 1637 3621 lacem
1658 3567 1773 3636 pretulit

983 3664 1060 3733 plena
1075 3676 1150 3719 meos
1167 3661 1286 3716 luminis.
1306 3661 1386 3716 Beata
1404 3660 1583 3726 conversatio,
1599 3674 1660 3730 quaa
1672 3659 1773 3716 idcirco
1865 3669 1867 3672 ⁴

983 3754 1010 3808 in
1024 3752 1217 3808 discussionem
1230 3751 1344 3808 deducta
1355 3760 1407 3815 est,
1420 3762 1446 3805 ιιι
1457 3759 1531 3807 tauto
1541 3751 1600 3805 niro
1611 3750 1774 3818 astipulante

983 3853 1123 3914 superaret
1137 3861 1144 3897 :
1160 3858 1220 3912 quae
1232 3858 1283 3897 noa
1294 3841 1432 3902 didicisset
1444 3855 1566 3908 saporem
1578 3842 1708 3906 victoria,
1719 3840 1774 3898 uisi

983 3936 1160 4005 subjacuisset
1177 3934 1297 3989 incertis.
1317 3932 1431 4002 Semper
1451 3933 1638 3989 innocentibus
1659 3934 1772 4003 gloriam

984 4030 1095 4082 adversa
1111 4033 1271 4096 pepererant
1284 4042 1292 4081 ι
1307 4024 1430 4093 providet
1445 4024 1600 4080 defensores
1611 4024 1771 4080 fortissimas

983 4116 1127 4174 mediocris
1150 4115 1324 4186 impugnatio.
1344 4114 1396 4172 Sed
1419 4114 1481 4185 qaid
1501 4114 1622 4183 epistulae
1644 4115 1772 4170 terminos

982 4210 1142 4281 loqrrecitnte
1156 4206 1278 4277 produxi.
1294 4218 1401 4263 coactae
1415 4204 1473 4274 lege
1489 4207 1598 4275 paginas
1616 4207 1641 4260 in
1656 4206 1771 4262 ltoatama

982 4303 1187 4359 concinnatione
1200 4296 1399 4366 transgressnal
1415 4297 1501 4362 tairago
1516 4306 1544 4348 et
1558 4311 1618 4362 ego,
1634 4295 1770 4364 arriplissi.

984 4393 1032 4459 orl,
1045 4387 1165 4460 partibus
1178 4385 1275 4442 restria
1291 4397 1338 4454 pro
1353 4382 1461 4438 modulo
1476 4381 1630 4449 exiguitatis
1644 4385 1771 4450 propriae,

142 4491 255 4548 militate
274 4493 434 4549 sublimior:
456 4503 483 4548 et
503 4508 538 4548 ne
558 4493 683 4561 potestati
705 4492 783 4549 lavor
806 4508 853 4563 per
865 4494 934 4551 obli-
982 4484 1053 4541 0oe¹⁰
1068 4469 1773 4547 ιθῧῑς015θῆὓῦΝῆω”ῧωωωἶθῑαΰθᾱωῑηωιθ

144 4596 212 4654 qaros
226 4581 407 4637 ascriberetur
426 4582 598 4651 interpretes,
620 4579 691 4649 quod
714 4581 748 4636 ds
765 4581 872 4653 proprio
886 4581 934 4639 de-
984 4577 1054 4632 inter
1067 4572 1190 4627 bomiaes
1201 4567 1323 4632 babetur,
1336 4561 1549 4618 cttnslderstioue
1560 4559 1641 4614 uestri
1653 4560 1774 4613 attrabor

143 4672 243 4743 carpsit
266 4670 363 4744 genio,
386 4671 485 4727 laudati
508 4672 596 4741 jtrusit
621 4671 654 4727 ad
681 4672 806 4742 pretium.
833 4670 932 4743 Egistis
984 4666 1017 4723 ad
1040 4676 1170 4719 amorem.
1188 4658 1319 4728 lnspirata
1337 4654 1403 4710 mibi
1424 4668 1473 4724 per
1495 4652 1608 4708 alterum
1630 4650 1716 4719 placet
1734 4647 1775 4705 al·

178 4805 306 4861 ¹leeria
353 4804 934 4879 triciollnsynododrausicaaatromaibns
984 4784 1772 4855 auctoresnobisCassiodernslib.nVariamllcillialib.
1821 4823 1823 4826 ψ

142 4877 198 4932 stris
214 4876 314 4932 aominl
352 4893 364 4931 s
378 4878 521 4933 subscribo
536 4895 542 4930 :
558 4876 660 4930 Paratus
676 4876 834 4930 Menoeceos
850 4874 932 4932 Festa
983 4886 1041 4936 rtn,
1051 4870 1131 4937 epist.
1143 4867 1172 4929 6,
1185 4873 1212 4919 et
1223 4864 1268 4945 tib.
1281 4876 1318 4923 tt,
1330 4860 1409 4926 epia.
1424 4860 1448 4913 ἱ·
1460 4859 1606 4941 Ρῐθέῡιιῑῦξ
1618 4857 1688 4912 ΜΘΗ·
1702 4855 1749 4939 ¹5¹3·
1764 4872 1775 4912 ¹

143 4947 267 5003 Ltmtus
280 4947 310 5002 v,
325 4949 355 5001 (ζ,
378 4961 411 5002 ῃ
427 4963 479 5002 gpgg,
494 4952 652 5002 pg’fflgggwe
670 4960 809 5001 gam-(mgr)
823 4961 934 5001 gggggg.
984 4954 1009 4998 el
1021 4939 1092 4995 lilde
1104 4937 1176 4991 Bello
1186 4935 1299 4990 Gotlttco
1313 4950 1318 4982 ἲ
1333 4941 1359 4985 el
1370 4929 1508 4984 Ennbdtttb
1519 4944 1575 4998 lpse
1584 4930 1628 4982 ΙΙΙ).
1641 4943 1679 4990 ΙΧ,
1692 4936 1773 4996 aptat.

144 5032 196 5074 aua
220 5032 305 5081 troas
324 5032 462 5073 rarntctos
485 5031 659 5074 consenciens
680 5031 836 5072 susscarast.
860 5016 931 5072 bibit

144 5087 236 5144 balrult
256 5099 321 5144 ates
342 5089 386 5142 illa
408 5088 509 5144 hiberii
532 5090 637 5142 rumim
657 5087 799 5142 illustrius.
813 5085 930 5142 Primum

142 5162 214 5214 enirn
235 5173 283 5226 pro
304 5157 425 5215 odoacre
444 5159 572 5216 aduersus
597 5157 791 5214 Theodericum
818 5157 931 5211 bdettter

143 5230 216 5284 stetit
233 5240 316 5300 :past
330 5230 376 5284 illo
390 5230 495 5285 deuicta
512 5230 561 5285 snb
578 5229 759 5292 Tlteodericm
778 5228 894 5297 qnandiu
910 5228 932 5282 is

144 5300 275 5366 regnarit,
290 5300 402 5355 sommis
416 5301 652 5369 trrgmmilitiaeque
664 5297 810 5353 bonoribus
826 5296 933 5365 perlon-

145 5378 212 5435 ctus,
231 5371 314 5426 malta
336 5372 363 5426 ln
385 5371 456 5425 ltalia
478 5381 505 5425 et
525 5371 609 5426 Gallia
631 5371 758 5440 preclara
775 5384 834 5423 com
856 5357 934 5422 lande

146 5442 226 5506 gessit
241 5457 248 5493 ε
266 5441 384 5512 itemque
398 5442 447 5494 sab
462 5441 623 5496 btbalarico.
638 5439 766 5494 'lbi-adati
787 5440 866 5494 etiam
889 5453 933 5490 rc·

146 5510 184 5576 gis
195 5510 297 5580 legatus
308 5515 341 5564 ab
357 5509 534 5566 liastinianmn
547 5512 668 5578 imperat.
680 5511 799 5564 delectus
809 5526 815 5562 :
827 5526 840 5561 a
852 5508 935 5562 lusti-

148 5580 225 5633 niaoo
244 5583 365 5646 clettrqne-
379 5583 437 5648 lpsa
457 5582 615 5634 militaribus
637 5576 720 5646 cupis
740 5580 867 5633 adversata
881 5576 935 5632 Go-

146 5650 205 5704 tltos
215 5652 240 5706 in
255 5652 326 5707 ltalia
342 5650 462 5706 etSicilia
478 5654 644 5719 praemisisse,
658 5653 730 5726 ἀνὴρ,
743 5660 771 5703 nt
782 5650 934 5715 Procopius.

148 5731 267 5790 sebatur,
281 5725 448 5786 salisiani
462 5724 553 5783 a'rabir
568 5722 744 5795 διαφερόντως,
760 5722 832 5795 λόγου
847 5739 873 5774 ra
888 5724 934 5774 τοῦ

146 5792 251 5855 ἀληθοῦς
270 5792 441 5866 irretiamur
461 5746 664 5863 tesseradecas.
679 5793 795 5860 Quoruttt
814 5791 934 5845 omnium

984 5012 1021 5068 23
1035 5020 1062 5066 et
1074 5010 1121 5076 ab,
1132 5006 1177 5062 obi
1191 5007 1265 5074 plura
1275 5002 1309 5058 de
1323 4999 1439 5055 liborio.
1455 5000 1527 5052 lianc
1540 5013 1620 5067 porro
1633 4997 1775 5062 epistolam

985 5094 1110 5150 tanquam
1136 5073 1288 5145 Syntmacbi
1313 5072 1420 5125 croatiae
1444 5070 1569 5123 scriptam
1599 5068 1633 5122 ab
1655 5067 1776 5122 Erruodia

984 5155 1055 5207 inter
1070 5146 1222 5221 Symmaebi
1236 5143 1365 5212 epistolas
1380 5139 1556 5194 collocarunt.

1019 5224 1029 5254 ¹
1052 5223 1124 5274 later
1147 5217 1254 5269 arbitros
1278 5207 1440 5280 Marcellini]
1465 5211 1613 5264 Honoratus
1640 5207 1774 5270 videlieet,

984 5307 1099 5362 qnorum
1111 5285 1250 5342 arbitrium
1266 5283 1292 5337 in
1304 5283 1419 5349 antiquis
1435 5281 1621 5352 episcoporum
1636 5276 1775 5358 electioni·

986 5364 1036 5417 bns
1049 5376 1079 5415 ac
1094 5358 1273 5413 testimonium
1289 5355 1487 5424 acquirebatur.
1501 5352 1554 5406 Leo
1564 5350 1697 5416 episcopas
1713 5358 1774 5413 pro·

988 5431 1083 5485 vincite
1094 5427 1252 5481 Viennensis
1269 5425 1379 5493 epistola
1395 5423 1429 5478 89
1451 5441 1457 5474 :
1479 5421 1692 5488 Easputoreatar
1710 5424 1776 5470 ceris

986 5500 1159 5564 solaciolum,
1174 5499 1318 5550 testimonia
1332 5495 1486 5565 populorum
1501 5505 1511 5544 .·
1525 5495 1680 5558 quareretur
1694 5488 1775 5540 barm.

987 5582 1099 5624 aratorum
1116 5570 1264 5632 arbitrium,
1282 5568 1371 5621 electio
1392 5563 1550 5638 clericorum.
1574 5571 1632 5626 quta
1649 5572 1675 5608 aa
1692 5573 1776 5613 sarar.

988 5644 1073 5695 aaran
1090 5640 1170 5692 soleat
1191 5636 1392 5692 ordinationibus
1413 5630 1444 5684 ei
1458 5631 1490 5684 ils
1502 5644 1545 5699 qua
1559 5637 1653 5682 rtorttat
1669 5625 1775 5685 Patraat

987 5711 1086 5786 regulos
1102 5710 1234 5766 misadai.
