3906 6180
772 318 775 322 ’
826 305 882 363 ΔΝ.
901 305 1006 364 utut.
1027 304 1104 362 snt.
1130 305 1285 364 noritur.

550 418 612 468 lime
624 418 733 468 iturthtu
743 418 812 466 adest
822 417 846 465 iu
855 417 917 467 casio
930 429 1040 479 mugnus,
1054 420 1152 474 stupui

581 479 728 538 Perspectus
739 478 837 535 inuncto,
847 481 926 527 nurus
938 479 1063 527 lubentius
1075 479 1155 527 huutu.

550 540 596 599 otri
609 539 760 589 Tueutmuu
771 540 825 599 repsi
834 541 930 588 uelatus
941 541 1026 602 iniquo

575 601 650 649 'licini
660 602 755 650 serrium
765 603 835 650 itaut
847 603 870 648 ia
882 601 978 652 exutio.
1014 602 1016 609 ’

551 660 576 711 lu
588 675 634 723 (ιιι
644 675 672 710 se
685 670 797 710 miratum
809 663 888 711 sotum
898 665 965 711 struit
978 661 1039 711 urbe
1051 657 1171 720 libellum.

583 723 640 774 Post
650 727 712 772 ictus
723 723 813 784 gladio.
829 724 890 772 exiit
902 736 918 771 e
930 725 1021 772 aredio.

242 801 292 857 llic
303 804 363 870 huis
373 805 420 858 oiri
432 803 568 858 clarissimi
578 807 627 874 suit
638 807 681 875 qui
692 805 825 874 facundia,
838 807 975 876 probitate,
988 805 1117 868 doctrina,
1131 804 1271 875 plurimum
1282 803 1411 871 escettutt,
1425 806 1532 858 ultimus
1545 806 1659 858 omniurn
1669 806 1713 876 qui
1722 823 1752 861 ea
1764 806 1874 877 antiquis

240 894 361 949 llomanls
376 895 473 964 alipsid
484 898 626 951 litterarsm
640 900 808 951 monumentis
832 897 1026 963 consecrarint,
1055 899 1155 970 primus
1178 898 1292 950 omnium
1317 897 1361 968 qui
1385 896 1570 950 Aristotelicum
1589 897 1753 965 disciplinam
1776 898 1875 952 latinis

240 987 328 1043 litteris
341 990 472 1056 iilustrare
483 992 618 1060 ruperint,
640 1000 718 1045 tanta
731 991 802 1059 apud
824 1001 939 1060 posteros
960 993 1140 1056 auctoritatis,
1157 1002 1184 1046 ut
1210 992 1243 1045 al
1261 991 1316 1059 eisc
1338 994 1468 1045 sententiis
1488 992 1562 1046 nulia
1577 994 1656 1060 [erute
1668 994 1701 1047 sir
1716 994 1873 1062 prouocatio.

241 1080 328 1151 liujus
337 1092 417 1136 morte
430 1099 550 1153 mapumrt
562 1099 615 1136 rent
627 1083 769 1148 amisimus,
780 1092 804 1136 et
816 1086 912 1152 frustra
923 1101 940 1137 a
952 1084 1038 1137 multis
1049 1093 1134 1154 postea
1145 1091 1277 1150 tentatam,
1291 1081 1408 1136 Platonis
1420 1092 1443 1136 et
1454 1082 1598 1136 Aristotelis
1610 1083 1784 1148 concordiam,
1796 1099 1874 1152 quarn

239 1174 369 1241 utriusque
382 1172 550 1243 philosophia
562 1172 728 1242 peritissimus
742 1182 765 1224 et
779 1172 907 1241 pollicitor
923 1176 1016 1242 saecu,
1031 1183 1056 1227 et
1072 1173 1122 1227 nisi
1134 1172 1211 1226 sitam
1223 1172 1372 1240 eripuissent
1385 1172 1503 1240 improli,
1519 1179 1644 1242 prestare
1657 1174 1728 1227 solus
1739 1175 1870 1244 potuisset.

240 1266 311 1323 llltio
326 1276 410 1320 tarrten
424 1269 500 1336 paulo
514 1273 571 1337 post
583 1268 695 1318 insecuta
707 1273 744 1318 est
763 1264 885 1317 diuinitus
901 1279 911 1316 .·
926 1252 985 1317 naut
1000 1265 1112 1318 eoenanti
1126 1262 1285 1317 Theodoriro
1301 1278 1359 1316 cum
1374 1262 1452 1331 piscis
1464 1272 1541 1331 caput
1553 1263 1655 1316 illatum
1667 1275 1742 1329 esset,
1755 1267 1822 1319 uisus
1835 1275 1872 1318 est

240 1360 287 1418 sihi
300 1375 345 1413 ree
358 1362 383 1412 in
398 1374 426 1412 eo
443 1358 529 1411 ridere
543 1352 691 1427 Symmachi
705 1355 917 1425 pertentaturos
931 1356 1032 1410 lahrum
1043 1356 1174 1411 mordicus
1185 1355 1429 1425 apprehendentem,
1446 1357 1572 1426 tort-isque
1583 1357 1665 1411 oculis
1679 1358 1785 1410 suhinde
1797 1359 1872 1411 mini-

240 1460 343 1510 tantem.
354 1467 383 1504 eo
397 1448 542 1518 spectaculo
553 1455 730 1502 consternatus
743 1454 866 1516 tyrannus
879 1447 906 1499 s'n
919 1447 1033 1499 morium
1046 1447 1146 1508 taetro,
1155 1457 1178 1498 et
1193 1445 1270 1500 simul
1284 1454 1361 1515 atque
1371 1445 1440 1513 pund
1451 1447 1547 1499 oidcrat
1561 1448 1589 1499 id
1599 1463 1626 1499 se
1636 1447 1729 1500 uidisse
1743 1447 1871 1516 confusus

240 1550 286 1607 est,
300 1540 448 1610 exspiravit.
469 1538 527 1591 lctu
538 1536 671 1605 sanpuinis
679 1545 807 1588 mortusm
818 1535 859 1587 ssi
868 1534 1046 1604 dissiparunt,
1056 1549 1143 1588 reram
1154 1534 1331 1588 Arnalasiunta
1341 1533 1378 1590 rsl
1389 1533 1492 1589 conscia
1503 1551 1561 1588 cum
1573 1535 1600 1589 in
1611 1551 1689 1605 repro
1700 1538 1869 1597 successisset,

240 1634 317 1693 patris
326 1641 384 1685 aeta
396 1630 534 1699 contraius
544 1637 567 1681 et
579 1629 619 1699 fas
630 1627 732 1680 decreta
741 1627 854 1691 rescidit,
864 1635 886 1679 et
897 1626 1012 1682 Severini
1026 1646 1057 1683 ae
1066 1627 1215 1700 Synssnaelri
1225 1628 1290 1683 hona
1301 1629 1328 1682 in
1340 1630 1431 1698 fiscum
1442 1631 1544 1684 redacta
1554 1645 1641 1682 rorum
1654 1628 1738 1683 liberis
1751 1630 1869 1693 restituit,

240 1726 326 1791 pascis
336 1727 409 1777 anns
420 1731 493 1775 autea
507 1735 583 1790 praru
597 1717 736 1772 Belisarius
751 1714 928 1771 alustiniano
943 1718 1034 1775 missus
1047 1720 1126 1775 ltalia
1138 1717 1236 1775 Gothos
1248 1737 1334 1778 omnes
1349 1720 1455 1793 expulit.
1470 1720 1554 1777 Porro
1566 1720 1649 1777 Boetii
1661 1721 1735 1775 multi
1749 1727 1870 1792 [seruate

239 1819 336 1885 primus
350 1815 466 1880 Stoicus,
486 1814 518 1868 de
539 1828 589 1883 prro
604 1810 756 1864 mentionem
770 1807 831 1877 iacit
847 1807 972 1880 Diopenes
990 1811 1016 1863 iu
1036 1810 1146 1865 Zenonis
1160 1810 1238 1876 Vita,
1259 1811 1386 1866 secundus
1407 1811 1561 1883 Epicureus,
1578 1827 1651 1881 prun
1666 1810 1822 1865 Plutarchus
1843 1812 1870 1864 in

240 1909 363 1968 coartatis
376 1907 531 1970 introducit:
544 1906 632 1960 tertius
645 1903 782 1968 Cretensis,
798 1902 942 1956 Aristotelis
955 1902 1087 1958 studiosas
1100 1910 1124 1958 et
1139 1905 1176 1957 oir
1187 1902 1330 1960 consolaris
1342 1922 1359 1959 a
1374 1896 1471 1958 Galeno
1482 1903 1634 1959 celebratus.
1654 1902 1756 1974 Frater
1765 1902 1812 1959 ltos
1825 1905 1870 1957 alii

240 2003 341 2058 luerunt
353 2009 377 2054 et
389 1997 536 2071 philosophi
550 1995 623 2050 arctio
635 2005 658 2049 st
672 1993 848 2064 Peripatetici,
860 2008 928 2047 unus
941 1992 981 2045 hic
994 1995 1048 2060 ipse
1061 1996 1092 2047 de
1110 2011 1161 2063 quo
1180 1995 1242 2048 satis
1251 1994 1419 2067 jamdictum
1438 2004 1491 2058 est,
1506 1994 1635 2050 Patricius
1653 1994 1792 2062 Romanus,
1807 1996 1871 2049 alter

240 2096 343 2154 Gratus
361 2102 385 2147 et
404 2089 542 2158 antiquior,
559 2102 634 2157 quem
654 2095 678 2141 et
699 2086 741 2139 hit
763 2085 818 2154 ipse
836 2085 864 2138 in
884 2082 1028 2154 Porphyrio
1042 2093 1067 2138 et
1083 2087 1233 2140 Ammonius
1250 2098 1326 2156 atque
1339 2086 1490 2156 Simplicius
1509 2097 1536 2141 stt
1555 2087 1697 2142 Aristotelis
1709 2087 1870 2157 interpretem

240 2199 389 2262 appareurit.
414 2186 527 2241 Fuerunt
555 2167 688 2238 itidemst
714 2181 766 2234 tiso
790 2178 939 2249 Symmachi
964 2193 1065 2250 mapnte
1085 2178 1113 2232 in
1138 2180 1229 2232 litteris
1252 2180 1449 2237 existimationis
1472 2191 1599 2247 uterque:
1627 2181 1725 2250 pcimtu
1753 2182 1860 2235 Gratiau

240 2288 262 2334 et
281 2275 452 2332 Valentiniani
475 2271 654 2343 temporihss;
677 2268 803 2320 secundus
819 2263 928 2319 lenonis
949 2275 974 2320 et
997 2267 1152 2326 Anastasii:
1174 2267 1245 2322 illhss
1267 2267 1382 2339 epistola
1403 2271 1618 2336 circumferentur
1640 2271 1777 2340 erehrapste
1792 2272 1824 2323 de
1842 2287 1870 2323 eo

240 2371 265 2422 in
286 2365 410 2424 llaeroiii
430 2358 610 2419 saturnalibus
628 2357 722 2410 mentio
739 2354 857 2409 hahetur.
878 2353 965 2425 llsjus
987 2354 1052 2408 nihil
1069 2355 1171 2423 quidem
1191 2367 1271 2411 exstat
1285 2375 1292 2420 ;
1307 2359 1363 2416 sed.
1376 2369 1404 2411 tu
1419 2357 1502 2413 lloetii
1521 2360 1694 2413 testimonium
1712 2369 1869 2428 pratmeam,

240 2459 387 2513 primm,
400 2434 562 2508 emamus
580 2449 613 2500 de
632 2446 787 2500 nondmiius
806 2446 932 2511 scrihem,
949 2445 986 2497 sic
999 2459 1058 2499 eum
1070 2443 1174 2513 laedat,
1193 2457 1220 2501 ut
1233 2463 1320 2502 omnes
1340 2451 1453 2503 omnium
1471 2451 1665 2520 disciplinarum
1683 2449 1768 2520 apices
1781 2468 1870 2505 couse-

241 2560 311 2605 rttttss
330 2548 467 2601 rideretur.

555 2754 938 2871 uranum
962 2755 1206 2872 rens
1230 2758 1564 2874 carnin.

471 2940 811 3091 OPERA
851 2941 1634 3093 PHILOSOPHICA.

278 3269 401 3395 urz
437 3167 1154 3395 cousoctrruur
1192 3266 1833 3399 ruinosortttm

937 3464 1094 3550 LIBRI
1114 3464 1174 3550 V.

821 3597 871 3663 {Ex
880 3599 991 3650 editham
1012 3599 1042 3648 sd
1055 3611 1131 3650 asum
1143 3559 1283 3662 [ielphiaih¹

942 3938 1171 3953 Q

768 3751 771 3755 ⁵
836 3800 1272 3878 rnotnuottnttu.

700 4033 1006 4216 huittulu
1027 4035 1408 4180 heilruturiu

1416 4148 1430 4177 0

227 4343 233 4353 ,
276 4272 490 4336 serenissimo
501 4273 660 4353 Delphina
670 4275 784 4337 Petrus
799 4272 943 4354 Cailyas.
1698 4347 1703 4354 ,

211 4439 216 4445 ,
276 4375 437 4455 (issidquid
454 4376 634 4437 ludovicus
660 4373 808 4454 hlopnus,
832 4387 985 4454 uupustus
997 4394 1114 4456 parens
1128 4386 1201 4439 tuus
1222 4377 1365 4456 molitur,
1389 4380 1601 4446 Sanarrssttta
1619 4387 1801 4464 linteatus,
1831 4392 1863 4452 id

237 4495 324 4539 omne
337 4495 480 4557 acapnum
497 4487 564 4546 est:
581 4496 632 4538 seu
648 4478 783 4558 populos
799 4479 901 4556 repit:
922 4497 975 4538 seu
989 4476 1092 4539 hostes
1106 4490 1264 4558 eapupnat
1273 4500 1285 4550 ,·
1306 4499 1360 4542 seu
1376 4486 1518 4563 utrisque
1536 4504 1678 4548 concessa
1694 4508 1771 4566 pace
1781 4509 1864 4568 pra-

211 4581 387 4660 'tificatum
413 4580 475 4642 Sed
501 4580 621 4642 indoles
643 4590 673 4640 et
695 4579 856 4641 institutio
883 4590 937 4640 tua
961 4579 1120 4659 repiorum
1138 4597 1266 4658 operum
1286 4599 1379 4660 opera
1395 4591 1470 4643 sunt
1486 4586 1637 4647 maxima.
1660 4589 1707 4648 Tu
1727 4589 1863 4668 quidem,

238 4680 319 4742 uelut
341 4681 444 4742 nobile
457 4682 627 4758 speciatum,
652 4679 770 4760 repplet
792 4699 861 4744 cum
884 4681 999 4755 animi,
1026 4685 1091 4740 lum
1104 4681 1250 4759 corporis
1269 4681 1357 4743 dotes
1372 4682 1409 4744 alt
1428 4685 1499 4762 ipss
1521 4697 1662 4766 acceptas
1682 4690 1728 4751 sie
1744 4691 1860 4756 reddis.

236 4780 317 4842 nihil
334 4789 368 4841 ut
383 4781 415 4842 in
430 4788 458 4842 te
475 4779 665 4842 desideretur
685 4777 769 4858 quod
796 4779 1007 4858 imperatoria
1022 4779 1194 4858 majestatis
1207 4784 1406 4860 “reposcite
1423 4793 1508 4845 tunm
1525 4789 1596 4847 oedo
1611 4788 1859 4860 institutionem,

236 4896 328 4962 quam
347 4900 406 4944 rex
427 4882 480 4945 ille
501 4879 741 4960 sapientissimis
764 4879 830 4942 suis
846 4879 989 4943 susurru
1013 4896 1145 4941 correus
1157 4889 1220 4952 est,
1239 4884 1507 4963 selmtissimispue
1528 4887 1607 4947 uicis
1632 4890 1864 4958 corroborauit.

236 4984 541 5062 mapnificentissimo
553 4984 711 5045 lihrurutn
721 4990 882 5060 apparatu
895 4983 941 5043 ita
955 4981 1088 5061 perficit,
1100 4992 1134 5042 sa
1144 4982 1300 5063 ineffabili
1313 4986 1445 5064 quadam
1459 4989 1701 5066 necessitudine,
1716 5006 1865 5073 quantum

176 5156 178 5164 Α
237 5083 322 5165 filius
334 5093 474 5162 parente,
493 5092 614 5144 lantum
625 5100 740 5165 parens
753 5083 819 5156 filio
829 5097 937 5160 rapum
951 5084 1088 5143 omniurn
1102 5088 1315 5160 praestantiam
1329 5087 1446 5148 vineat.
1462 5086 1555 5160 Ecce,
1572 5093 1761 5153 continuato
1782 5095 1869 5156 illius

235 5186 337 5264 iussu,
352 5184 438 5244 inter
449 5187 594 5264 antiquos
609 5193 754 5247 auctores
766 5183 876 5244 emicat
888 5182 1069 5245 Serninus
1083 5183 1235 5257 Bosrrus,
1252 5203 1341 5265 seque
1356 5186 1415 5251 uti
1426 5189 1526 5260 sistit,
1543 5200 1577 5252 ut
1595 5193 1718 5254 meliori
1731 5195 1866 5274 quodam

236 5290 317 5372 itere,
335 5288 381 5347 sic
393 5287 508 5366 majori
521 5305 573 5366 spe
586 5289 749 5368 [ructsmm
762 5285 1002 5347 uberrimarum.

276 5387 423 5450 Omnium
439 5395 520 5448 certe
535 5389 686 5467 ejusmodi
694 5396 860 5450 auratorum
874 5386 1073 5448 meritissimo
1089 5385 1228 5450 Bosatus
1238 5387 1300 5451 etos·
1312 5408 1343 5451 se
1357 5391 1453 5456 sistit.
1469 5393 1526 5455 ttts·
1536 5393 1617 5456 enim
1627 5394 1752 5457 advena
1765 5395 1851 5456 Galli
1857 5428 1867 5439 ·

236 5508 403 5571 eorumque
414 5489 633 5553 institutorum
648 5490 774 5568 penitus
790 5490 909 5568 iuuari,
931 5505 1074 5569 precone
1086 5488 1283 5568 indipehant,
1300 5493 1369 5572 qui,
1379 5494 1552 5573 predicata
1576 5515 1680 5557 eorum
1704 5497 1869 5573 dipnitate,

235 5594 369 5673 aliquam
380 5593 415 5656 in
429 5592 505 5654 aula
519 5589 624 5654 iisdem
636 5599 829 5670 compararet
849 5591 1115 5653 existimationem
1130 5609 1140 5651 .·
1154 5589 1362 5667 hicpridema
1375 5593 1525 5674 Philippo
1546 5595 1684 5656 Pulchro
1696 5595 1870 5658 Galliarum

235 5707 317 5769 repe,
336 5691 511 5754 litterarum
533 5692 803 5768 litteratorumpue
820 5689 1034 5752 annuutissirno
1054 5686 1210 5767 principe,
1234 5686 1548 5766 honorificentissime
1578 5703 1741 5768 exceptus,
1768 5713 1868 5771 prope
