3906 6180
238 319 290 375 ool
562 317 731 373 avendum
750 317 797 372 Al)
816 313 936 372 lellOS
959 317 1001 370 ob
1020 315 1276 372 consumtum.
1296 309 1537 367 vttttdsoptttm.
1809 305 1865 361 908

241 432 338 489 facient
348 438 463 502 exspuit.
472 431 582 484 Derrrum
592 430 730 496 conjectus
745 430 771 485 iri
788 429 954 492 mortarium,
966 443 1023 482 cre·
1039 432 1062 490 A
1076 426 1241 496 metaphora.
1253 426 1320 493 Quid
1333 426 1403 504 enim
1413 425 1483 479 aliud
1495 424 1545 478 lroc
1558 436 1683 478 saccutum
1697 436 1776 492 quarn
1786 434 1863 475 vitare

239 520 294 575 bris
308 520 403 575 lctibus
415 528 550 579 contusus,
566 517 704 586 expiravit.
1075 517 1272 586 procellosunt
1288 515 1367 568 llivus
1387 513 1542 568 Ambrosius
1568 512 1594 564 in
1609 510 1722 578 epistola
1744 508 1777 563 ad
1789 507 1862 563 Con·

273 603 424 678 Peregrina]
438 604 562 659 Externa.
1074 608 1200 661 stantium
1217 603 1381 673 :Suscepisti
1402 616 1498 656 munus
1517 600 1669 663 sacerdotii,
1685 609 1712 654 et
1723 600 1750 654 in
1769 613 1861 670 puppe

272 695 315 766 Ati
329 697 393 759 Sed,
410 695 451 750 vel
466 696 571 750 saltem.
588 694 636 748 Est
649 702 738 748 autem
754 693 811 748 lvaec
826 693 956 762 particula
971 693 1020 747 boc
1075 694 1201 749 Ecclesiae
1223 694 1330 758 sedens,
1349 694 1440 747 navim
1455 691 1584 746 adversus
1604 689 1699 744 [luctus
1712 689 1858 759 gubernas.

236 787 296 842 loco
319 796 361 842 ter
375 785 496 854 legenda,
515 798 564 854 pro
587 800 637 851 qua
658 782 757 837 indocti
784 783 875 852 legunt
895 791 949 836 aot.
975 782 1020 836 Sic
1073 784 1258 840 Teneclavunv
1270 785 1341 848 fidei,
1358 793 1386 838 ut
1399 793 1425 838 te
1438 798 1532 853 graves
1545 782 1624 850 liuius
1641 782 1732 838 saeculi
1749 781 1860 836 turbare

236 876 307 931 enim
320 875 443 945 repetita,
459 875 518 945 plns
530 874 654 941 ponderis
667 872 758 943 adjicit
773 874 898 928 orationi.
1074 889 1125 930 non
1141 876 1243 944 possint
1252 875 1387 945 procelle.
1402 875 1473 929 liare
1486 875 1592 944 quidem
1613 889 1737 943 magnum
1752 885 1779 930 et
1794 888 1859 943 spa-

269 967 375 1040 Gonios]
390 968 487 1024 Plurali
507 982 619 1023 nutriero
633 967 740 1036 propria
756 966 865 1020 nomina
880 979 1018 1032 expressa,
1073 965 1181 1034 tiosum,
1192 965 1239 1020 sed
1251 965 1306 1020 noli
1317 966 1489 1034 vereri2ouia
1500 967 1556 1034 ipse
1574 980 1656 1034 super
1668 966 1751 1020 maria
1763 965 1858 1020 lunda·

235 1058 364 1128 majorem
379 1059 404 1113 in
419 1060 539 1113 oratione
552 1060 605 1112 vim
622 1056 730 1111 babent.
746 1056 849 1125 Quippe
864 1068 916 1109 non
932 1056 949 1110 ii
967 1066 1021 1109 tarr·
1072 1060 1190 1125 viteam,
1201 1069 1228 1113 et
1240 1074 1320 1129 super
1331 1059 1439 1114 [lumina
1449 1059 1606 1127 praepararit
1619 1074 1688 1113 eam.
1702 1058 1792 1128 imque
1802 1072 1858 1114 non

235 1160 290 1205 tum
312 1149 495 1219 significantur
522 1163 635 1219 qnorum
662 1147 708 1202 illa
733 1147 839 1201 nomina
866 1156 947 1213 sunt,
972 1147 1020 1202 sed
1072 1150 1204 1205 immerito
1220 1151 1290 1206 inter
1304 1159 1342 1206 tot
1355 1150 1525 1205 mnndilreta
1542 1150 1661 1205 Ecclesia
1677 1149 1782 1203 Domini
1798 1160 1859 1204 tan·

234 1241 315 1298 otiam
328 1242 372 1296 alii
390 1243 435 1312 qui
450 1242 552 1297 similes
568 1241 675 1295 illorum
698 1239 782 1294 inere.
799 1239 898 1293 Canius
915 1236 1022 1291 Gadita·
1071 1255 1151 1310 quam
1165 1255 1246 1310 supra
1259 1241 1433 1309 apostolicam
1449 1242 1606 1295 aedificatam
1619 1251 1720 1310 petram
1733 1240 1860 1295 immobi-

233 1345 285 1387 nue
305 1341 382 1401 pocta
396 1332 454 1399 luit,
477 1330 608 1386 lacundiae
629 1327 697 1383 lenis
720 1338 746 1382 et
764 1325 1019 1396 jocantemque
1072 1330 1105 1384 lis
1128 1343 1227 1397 manet,
1244 1341 1271 1386 et
1284 1335 1443 1388 inconcusso
1457 1333 1598 1388 adversum
1615 1335 1728 1401 impetus
1745 1333 1860 1387 serien·

234 1425 359 1481 Martialis
373 1424 441 1480 libro
456 1425 542 1493 primo
557 1421 806 1489 Epigrammatum:
1072 1419 1106 1475 tis
1124 1421 1174 1476 sali
1195 1434 1346 1490 perseverat
1366 1425 1530 1479 fundamine.
1552 1424 1667 1477 Alluitur
1686 1423 1776 1489 undis,
1802 1437 1858 1477 uon

282 1542 299 1580 f
317 1575 320 1580 Δ
355 1513 468 1565 Gaudent
477 1515 560 1576 jocose
572 1512 647 1562 Canio
657 1523 702 1559 8⁰0
714 1509 803 1559 Gades·
1071 1516 1195 1583 quatitur.
1213 1516 1303 1571 Salam
1316 1517 1413 1571 dicitur
1427 1531 1499 1571 mere
1513 1531 1528 1569 a
1543 1531 1639 1584 sapore
1652 1516 1726 1572 salii.
1740 1515 1855 1586 virgil:

268 1571 464 1650 itinerandum
478 1594 586 1664 quidam
605 1597 796 1664 reprehensum
812 1609 827 1648 a
840 1595 915 1650 Livio
937 1593 1019 1649 Pata·
1193 1607 1291 1670 Perque
1303 1608 1378 1657 undas
1389 1617 1521 1669 superante
1533 1608 1592 1657 sato.

232 1683 305 1750 vino,
319 1685 392 1755 gravi
403 1693 431 1739 et
445 1684 529 1739 nobili
546 1683 769 1756 historiographo,
789 1687 859 1755 quod
875 1686 1018 1741 multarum
1107 1686 1233 1758 Quorum]
1249 1690 1438 1744 Pessimororn.

232 1773 360 1842 gauderet
383 1773 528 1840 amoribus,
555 1773 597 1827 liis
617 1776 707 1832 verbis
728 1775 874 1831 :Nostram
900 1776 1058 1850 pbiloso-gg
1107 1777 1277 1850 Numerone]
1287 1781 1434 1850 Frequens.

231 1865 320 1936 plviato
339 1866 499 1935 participare
514 1880 568 1921 non
582 1869 695 1936 poteris,
711 1866 775 1922 dum
790 1883 804 1920 a
822 1875 861 1922 tot
875 1867 1018 1937 participa·
1108 1868 1220 1941 Temere]
1244 1871 1413 1939 inconsulte,
1436 1873 1494 1927 sine
1514 1872 1643 1937 consilio,
1663 1869 1764 1940 absqvm
1791 1886 1857 1940 pru·

232 1958 278 2012 ris.
298 1956 355 2012 Non
369 1958 440 2012 enim
453 1973 485 2013 eo
498 1957 590 2027 jecore
602 1958 730 2014 Latonam
742 1967 814 2013 amat
825 1957 929 2029 Tityus,
944 1958 1017 2028 quod
1072 1958 1170 2015 dentia.

233 2046 309 2102 multi
332 2047 451 2101 vultures
475 2047 588 2101 multum
615 2045 757 2102 divellunt.
780 2044 828 2100 Cui
854 2043 952 2100 Canius
968 2064 974 2097 :
991 2046 1019 2101 Si
1105 2045 1218 2118 Possim]
1236 2049 1316 2104 llodo
1338 2051 1399 2118 buc,
1421 2052 1499 2106 modo
1521 2052 1593 2115 illuc,
1617 2052 1689 2105 nullo
1709 2057 1782 2106 certe
1804 2048 1857 2106 lino

233 2136 340 2207 quando
356 2135 442 2202 labor,
462 2150 572 2205 resurgo
592 2138 713 2191 cautius:
738 2136 761 2189 si
778 2135 914 2204 paululum
929 2134 1020 2203 oppri-
1071 2138 1220 2208 proposito.

232 2241 301 2291 mor,
324 2226 440 2281 alacrius
468 2239 576 2281 resumo
598 2241 699 2281 aerem.
720 2224 800 2281 vices
819 2224 938 2279 noctium
962 2223 1020 2278 dies
1107 2206 1279 2278 llmdlssm‘]
1296 2208 1396 2265 F¹¹l010
1411 2219 1533 2265 vexante.

226 2313 347 2369 reddunt
362 2312 486 2369 leniores.
512 2312 565 2368 Sed
591 2313 760 2368 tenebrarum
784 2312 959 2382 perpetuitas,
974 2311 1018 2365 in·
1106 2301 1232 2373 lde'w]
1245 2301 1347 2357 F⁰f⁰f⁰
1360 2318 1441 2370 “²1⁰2
1458 2302 1533 2357 We·
1549 2302 1606 2358 Sil·
1618 2301 1744 2357 F¹²⁰⁰¹¹⁸³

227 2417 287 2463 star
301 2407 397 2463 inferni
411 2416 462 2463 est.
478 2408 524 2463 Sic
540 2407 594 2462 lilia
618 2410 755 2476 primaeva,
777 2408 852 2463 verni
871 2406 938 2462 solis
952 2404 1019 2461 deli·
1452 2394 1629 2458 Ltffiehllffll
1643 2395 1736 2444 urbem.

1132 2454 1141 2503 l
1164 2454 1211 2504 lm
1230 2455 1276 2504 ban
1290 2470 1304 2504 e
1317 2455 1354 2504 De
1372 2491 1378 2503 .

231 2507 289 2553 ωδ
308 2498 471 2600 Ιθῖῃνοῗίῳς
485 2499 615 2599 ”fleme
637 2509 700 2601 ¹¹¹.m‚
712 2500 862 2609 euri',¹ff¹m
878 2498 946 2580 Μ’
964 2506 1018 2601 ω’,ῃ
1070 2460 1288 2609 ὓιιᾱοιίῖωὲῐιιιξ
1300 2469 1369 2592 tivoo
1377 2538 1529 2607 lymphatici
1546 2535 1671 2592 dicuntur
1689 2537 1794 2604 luciosi,
1811 2554 1854 2594 ve·

230 2586 341 2656 sepbyn
357 2586 449 2642 laetitia
464 2585 590 2642 eiiusrore
609 2588 762 2651 iascrmnrrt,
783 2587 880 2658 paribus
895 2603 949 2642 utro
965 2601 1019 2657 spr-

231 2673 283 2729 ritu
304 2673 447 2732 lulroinans
461 2674 533 2746 Lybs
549 2674 715 2739 incumbens.
736 2690 862 2732 occasum
882 2676 953 2731 lacit.
975 2675 1019 2731 Sic
1069 2627 1138 2694 ’Μ’
1165 2626 1356 2685 b³⁰⁰h³h⁰¹¹di·
1380 2628 1424 2698 qui
1449 2629 1542 2682 *mum
1568 2643 1601 2682 ⁰¹
1620 2643 1688 2698 ³⁰⁰²
1710 2636 1853 2683 ⁰⁰⁰¹me·

231 2760 302 2816 llars
325 2763 410 2832 ruptis
433 2762 575 2818 tendiculis
599 2764 626 2818 in
652 2780 743 2818 mensa
766 2764 869 2819 coelesti
889 2763 1020 2819 recumbit
1070 2720 1225 2821 mm‘f'm
1239 2731 1280 2823 esf
1295 2719 1438 2823 meatque
1454 2719 1689 2776 “mmmm

1108 2807 1170 2879 Qut]
1186 2809 1326 2866 Exercitus
1339 2820 1526 2880 pessimorum.

1105 2898 1201 2970 Aeiem]
1228 2900 1354 2956 Ordinem
1377 2912 1404 2957 ct
1432 2903 1632 2957 instructionem
1655 2903 1798 2959 militarem
1817 2904 1851 2960 ad

1067 2991 1325 3060 jamdimicandum.

1106 3081 1225 3153 struens]
1239 3083 1387 3139 lostvvvens.

231 2851 342 2907 conviva
364 2866 501 2920 superum.
515 2866 530 2906 a
546 2868 598 2922 qua
615 2853 723 2909 tisorias
743 2853 870 2909 Mulciber
890 2868 939 2909 suo
955 2852 1017 2909 lure

231 2937 309 3008 longe
329 2940 466 3010 religatur.
488 2941 535 2995 Sic
553 2941 639 2996 levius
660 2942 741 3011 ligant
764 2943 845 2998 nrulta
862 2942 917 3008 illa,
936 2959 1015 3013 quaro

231 3027 286 3082 tola
301 3038 404 3083 catena.
418 3028 464 3085 Sic
479 3029 544 3083 mibi
555 3029 600 3095 sit,
613 3045 627 3083 a
640 3031 807 3100 philosophia
821 3032 867 3087 tibi
881 3034 1016 3086 solatium.

229 3114 305 3172 liuns
320 3117 398 3187 igitur
421 3119 447 3172 in
471 3118 580 3173 modum
593 3119 686 3188 jocose
705 3119 793 3173 lerunt
815 3119 926 3192 Cpniom
943 3120 1055 3204 bivioC

231 3206 412 3276 respondisse.
438 3206 535 3263 Verum
558 3221 629 3261 nunc
644 3207 715 3277 quod
737 3207 770 3262 ad
797 3222 854 3263 rem
870 3210 1016 3263 institutas·

230 3303 354 3372 pertinet,
369 3301 527 3358 relevamus.
541 3301 639 3356 Canius
654 3316 686 3357 eo
697 3302 768 3372 quod
783 3302 816 3357 ab
832 3303 1016 3371 improborum

230 3392 349 3448 moribus
361 3392 526 3458 dissentiret,
549 3407 563 3445 a
579 3393 643 3446 Caio
657 3393 763 3448 Caesare
783 3392 934 3448 Germanici
950 3395 1015 3464 lilio,

230 3482 354 3537 conscius
377 3489 472 3536 contra
486 3496 516 3538 se
543 3481 619 3537 lacte
640 3483 832 3552 conjurationis
853 3483 940 3538 dictus
963 3494 1014 3539 cst.

230 3571 277 3628 Cui
290 3573 329 3627 sic
345 3572 483 3641 respondit
496 3590 503 3625 :
515 3573 543 3629 Si
564 3589 613 3644 ego
628 3576 749 3638 scissem,
770 3585 797 3627 tu
813 3577 955 3631 nescisses.
970 3578 1015 3631 Ni-

232 3662 287 3717 bilo
307 3670 394 3716 tamen
409 3664 497 3717 secius
510 3662 543 3717 ab
559 3663 605 3717 illo
621 3664 764 3718 crudeliter
784 3675 826 3720 est
843 3675 962 3720 rrecatns.
981 3668 1017 3723 lle

233 3752 283 3807 ltoc
296 3753 390 3807 eodem
405 3753 432 3806 in
448 3753 569 3820 proxima
586 3769 673 3822 prosa.

264 3845 296 3896 At
315 3841 438 3915 Senecas]
459 3841 493 3896 ll.
510 3844 619 3898 Anneus
635 3843 736 3899 Seneca
756 3844 946 3910 Cordubensis,
961 3845 1014 3899 llo-

229 3948 299 3989 mam
315 3934 388 3989 rerrit
402 3935 568 3990 declamator
578 3934 710 4006 egregius,
726 3938 849 4007 quamvis
861 3951 941 4007 opera
956 3937 1015 4006 ejus

227 4024 261 4080 ad
277 4035 398 4095 posteros
419 4039 472 4081 non
496 4027 676 4096 pervenerint.
694 4027 742 4083 llic
765 4029 854 4084 statim
871 4044 953 4100 equos
977 4031 1016 4084 la·
1103 4084 1145 4156 M]
1160 4085 1212 4141 Sed

229 4116 438 4183 ctus,'lvdoores
464 4119 570 4184 meruit,
596 4119 740 4189 ltobuitpue
763 4120 874 4189 liberos,
897 4137 963 4192 rpros
988 4124 1013 4177 io
1103 4122 1274 4224 „mmm
1290 4169 1352 4210 me
1365 4135 1608 4225 comemmfflonis·

228 4207 353 4278 mmm
368 4219 523 4314 susfepem
536 4226 567 4266 ⁰¹
584 4211 658 4267 Eum
672 4227 766 4314 ΜΨ·
782 4212 815 4270 L·
829 4219 952 4269 Anneum
965 4214 1014 4270 5⁶¹
1106 4244 1237 4300 Vilistiom
1246 4262 1351 4316 quoquc
1361 4247 1455 4316 rerum]
1470 4248 1594 4312 Corporis
1606 4257 1633 4302 ct
1646 4247 1758 4301 luctuum
1769 4247 1848 4308 bona,

229 4313 338 4363 necaro,
362 4299 470 4356 lunium
499 4301 621 4356 Anticum
645 4302 812 4369 Gallionem,
838 4313 866 4358 et
892 4304 1014 4360 dnneum
1067 4336 1665 4406 quaepmbomsanimisordidissimasunh

227 4390 358 4448 lleleam:
374 4391 475 4448 Seneca
495 4392 668 4463 philosophus
686 4392 764 4447 simul
784 4401 812 4448 et
837 4394 1012 4459 declamator,
1102 4428 1201 4500 seam-l
1232 4428 1335 4483 Nullam
1359 4444 1449 4483 cumn
1476 4429 1618 4493 babentes,
1639 4437 1792 4495 contempto
1796 4441 1848 4479 m·

227 4493 254 4541 et
274 4494 350 4552 poeta
375 4485 485 4554 insignis
504 4485 598 4540 erasit.
621 4485 675 4541 Sub
693 4484 798 4539 Nerone
819 4497 938 4541 mortuus
961 4499 1013 4548 est,
1030 4508 1193 4582 Mecum,
1216 4518 1386 4588 'tammus'
1406 4518 1450 4586 qui
1469 4518 1526 4573 sine
1545 4533 1607 4572 cm
1619 4528 1669 4580 est,
1688 4519 1762 4587 quasi
1776 4533 1849 4571 sem,

227 4576 321 4630 solutis
335 4576 421 4630 verris.
438 4575 475 4628 lle
489 4576 539 4630 boc
553 4577 627 4644 plura
638 4576 760 4631 dicentur
776 4576 854 4631 inira.
871 4580 911 4632 An
923 4589 1011 4633 autern
1066 4625 1151 4666 suma
1167 4625 1240 4664 cm·
1256 4609 1391 4666 madum
1404 4620 1582 4680 contemplor·
1598 4610 1688 4664 Mam:

226 4667 271 4722 bic
283 4667 353 4721 idern
372 4666 451 4721 luerit
463 4666 507 4734 qui
524 4666 667 4737 tragoedias
681 4682 740 4737 qrvm
760 4677 876 4733 exstant,
892 4670 1009 4738 scrip-it,
1499 4701 1606 4749 Securus
1618 4712 1724 4748 „nomm

226 4771 320 4822 necne,
334 4756 402 4812 inter
417 4755 585 4811 doctissimos
604 4757 722 4811 nondum
740 4758 866 4813 convenit
882 4774 888 4809 ε
906 4760 1011 4813 tametsi
1126 4761 1261 4810 Germane.

226 4846 288 4914 quid
302 4861 383 4914 super
404 4846 453 4900 boc
473 4845 599 4902 Sidonius
619 4846 778 4915 Apollinaris
802 4850 930 4915 scripturn
946 4849 1011 4902 reli·
1103 4839 1191 4912 Vallo]
1204 4842 1365 4897 lluoimcnto
1376 4842 1512 4896 virtutum.

225 4937 323 5007 querit,
338 4951 390 4990 non
405 4935 534 5005 ignorem.
1100 4934 1169 5009 Quo]
1182 4937 1221 4991 ed
1237 4936 1307 5006 quod
1319 4937 1427 4992 vallum.

259 5027 292 5080 At
311 5023 435 5095 Soranos]
454 5024 576 5081 Valerius
596 5025 715 5081 Soranus
740 5036 818 5097 poeta
840 5042 1010 5096 summopore
1100 5023 1242 5095 Grmrerrti]
1257 5025 1407 5082 Gradieodo
1419 5028 1537 5082 saevienti

225 5115 395 5187 tantgeratus
417 5113 474 5171 luit.
493 5115 542 5184 Qui
566 5118 667 5184 primus
687 5117 720 5170 dc
738 5117 793 5171 lleo
812 5120 929 5172 niaximo
950 5134 1010 5172 vera
1098 5115 1228 5186 adspirare]
1241 5116 1318 5170 iusta
1330 5119 1561 5182 accederc,adire.

224 5213 417 5262 commentatus
430 5215 482 5274 est,
497 5213 576 5276 atque
590 5205 625 5259 ob
643 5206 668 5259 id
683 5206 801 5261 creditur
815 5208 846 5260 ab
862 5207 1008 5276 impiorum
1098 5204 1123 5257 F
1124 5224 1152 5260 os
1166 5222 1216 5261 non
1232 5206 1275 5276 sitl
1296 5208 1322 5262 ld
1335 5219 1376 5263 est
1390 5223 1442 5262 oon
1467 5209 1554 5264 liccat.
1573 5209 1694 5263 Valerius
1708 5208 1846 5263 llaaimns.

224 5297 346 5350 manibus
362 5295 389 5350 in
402 5308 509 5351 crucem
524 5295 656 5349 sublatus.
857 5350 859 5357 ,
1064 5299 1143 5353 llono
1168 5302 1265 5354 inclitis
1291 5301 1438 5370 usurpatio.
1455 5303 1554 5356 ttttlltttn
1580 5301 1706 5357 tristioris
1734 5300 1847 5354 fortuna·

259 5387 417 5461 Percetustc]
431 5386 515 5443 Nimis
530 5388 650 5457 antiqua.
1064 5390 1157 5458 recipit
1170 5391 1313 5444 incursum.

258 5477 406 5551 incelebris]
421 5478 585 5551 lulrequens,
599 5495 651 5534 non
663 5479 788 5533 celebris.
1325 5481 1356 5535 ΙΝ
1376 5481 1520 5537 mutabit
1537 5482 1577 5536 tv.

259 5571 291 5626 ln
306 5571 416 5647 cladem]
429 5574 459 5628 ln
474 5574 628 5641 perniciem.
1095 5572 1162 5627 Cum
1173 5571 1329 5640 vigesimum
1348 5575 1434 5629 aetatis
1452 5589 1549 5629 arvnurn
1561 5589 1653 5643 agens,
1676 5575 1702 5628 in
1718 5572 1845 5643 irequerrtl

258 5658 293 5719 io
307 5664 356 5721 ltoc
369 5660 506 5729 triveram]
521 5663 546 5714 ld
568 5672 609 5716 est
624 5662 699 5716 orari.
717 5662 786 5718 Sane
801 5676 877 5730 qrram
895 5664 1007 5731 elegans
1061 5665 1206 5729 eudemone
1220 5666 1389 5720 ornatissima
1405 5667 1542 5722 Saxonum
1559 5667 1624 5721 urbe
1641 5668 1693 5731 (cvii
1717 5665 1844 5722 llonaste

1106 3174 1132 3230 N
1135 3185 1203 3230 ostra
1212 3176 1276 3247 dus]
1292 3176 1373 3232 llecta
1383 3179 1451 3232 ratio
1463 3196 1470 3232 τ
1484 3193 1515 3234 ea
1530 3180 1602 3234 enim
1615 3180 1669 3234 dux
1679 3189 1720 3234 est
1734 3179 1851 3248 philoso-

1073 3265 1196 3333 pirorum.

1105 3357 1198 3428 Copias
1211 3358 1283 3430 soar]
1304 3358 1455 3412 Exercitum
1470 3374 1547 3413 strum
1561 3375 1594 3414 ex
1610 3360 1750 3415 virtutibus
1767 3359 1852 3415 scien·

1070 3445 1165 3516 viisque
1178 3448 1366 3516 compositum.

1104 3536 1137 3591 lo
1151 3537 1244 3609 arcem]
1260 3538 1287 3592 lrr
1302 3539 1384 3593 animi
1401 3539 1577 3604 intellectum,
1590 3553 1668 3608 quem
1683 3539 1814 3594 Platonici
1826 3541 1852 3594 in

1068 3629 1178 3685 cerebro
1191 3641 1315 3699 tanquam
1331 3632 1357 3684 io
1369 3646 1432 3686 arce
1446 3632 1621 3686 constituunt.
1637 3631 1752 3686 Pulclvce
1764 3641 1852 3688 autem

1068 3730 1170 3788 perstat
1182 3722 1208 3775 in
1222 3723 1388 3790 rnetapbora.

1102 3813 1246 3885 Controltit]
1261 3815 1375 3884 Colligit,
1390 3826 1544 3886 congregat.

1102 3902 1159 3976 lili]
1175 3905 1286 3960 Pessimi
1300 3905 1518 3975 pbilosophorum
1534 3907 1636 3961 lrostes.

1102 3994 1213 4049 inutiles
1228 3995 1380 4067 sarcinulas]
1397 3996 1468 4051 Bona
1482 4009 1592 4051 externa
1607 4007 1634 4051 et
1646 3999 1778 4066 corporis.
