3906 6180
804 287 857 342 ιιι.
879 283 982 339 itaut.
1002 280 1078 337 sev.
1101 268 1254 335 suerrus.
1786 276 1864 335 570.

213 301 265 359 575

214 449 254 494 tro
265 437 293 507 5)
314 435 427 505 lumine,
457 430 625 502 recognoscit
650 426 764 494 priorum
787 425 892 495 quidem
914 423 998 492 ipsam
1014 418 1037 474 rl
1053 426 1081 470 ut
1094 417 1127 471 ad
1142 419 1281 497 veritatem
1295 425 1322 474 et
1332 416 1466 482 uirtutem,
1479 414 1600 486 adeoque
1610 415 1705 488 (ltetro
1721 415 1749 490 8)
1764 432 1837 477 amos

214 525 311 597 (Proca
326 526 354 594 5)
372 523 585 592 Philosophiam:
601 517 700 575 deinde
712 532 770 573 cum
787 516 927 586 antiquos,
946 522 1001 567 lom
1054 522 1110 564 rent
1123 509 1242 564 divinum
1255 509 1362 565 excitet.

214 618 378 674 recentiores
401 612 574 683 pbilosopbos
588 609 720 665 similibus
733 607 850 661 miseriis
865 606 1002 674 impugna·
1089 602 1145 658 Lm.
1163 618 1200 657 ιιι.
1215 633 1251 644 -
1264 604 1299 657 tt
1312 603 1362 657 nisi
1377 602 1434 657 bate
1447 600 1614 656 concesseris
1633 615 1694 657 esse
1706 603 1786 667 urolt,
1803 604 1842 658 is·

215 716 257 762 tos
269 705 388 776 quidem,
399 703 446 759 sed
463 717 514 757 non
529 699 624 771 (Metro
638 698 667 769 4)
680 705 861 767 expugnatos:
877 695 913 749 ita
926 702 953 746 ut
964 702 1004 747 ta·
1056 694 1138 750 rearis
1150 708 1260 749 necesse
1275 702 1326 757 est,
1342 694 1368 747 in
1383 693 1425 746 bis
1440 706 1493 747 non
1508 707 1568 748 esso
1585 692 1636 747 nisi
1650 692 1743 748 ialsam
1758 694 1842 750 lelici-

215 812 276 852 meu
292 795 375 851 veteri
396 793 553 863 praejudicio
563 791 668 853 ductus,
681 805 733 843 uon
747 787 858 842 desistat
870 800 930 840 cum
942 782 1004 838 Phi·
1056 797 1137 843 tatem
1155 773 1277 857 (Proso'l
1295 796 1319 840 rt
1333 783 1415 839 Metro
1429 782 1474 853 l),
1490 799 1549 853 quc
1566 794 1629 840 ante
1646 785 1768 854 pellenda
1787 795 1840 852 est,

216 887 336 955 losopltia
352 886 446 957 (Proso
460 883 489 954 4)
503 883 538 938 de
554 895 603 937 suo
617 880 712 935 exsilio
726 877 866 948 conqueri,
879 884 1004 931 causatus
1055 894 1134 948 quam
1151 894 1212 933 vern
1229 877 1355 933 felicitare
1369 875 1483 932 fruaris:
1501 876 1571 933 unde

216 977 301 1032 solum
315 975 410 1048 (Metro
424 973 453 1045 5)
468 973 602 1028 bominem
622 969 706 1025 rideri
722 968 819 1023 divinis
844 965 948 1036 legibus
960 978 1004 1018 ιο·ι
1091 971 1193 1038 Tertio,
1209 970 1311 1038 inquit,
1332 985 1386 1024 non
1406 968 1486 1026 etiam
1502 969 1574 1038 juste
1592 970 1765 1039 conqueritur
1784 970 1840 1035 iile,

216 1049 310 1131 lutum,
320 1075 347 1120 et
362 1073 526 1135 praepostero
538 1061 618 1117 ueluti
633 1059 727 1113 ordine
740 1071 832 1127 ttoents
844 1058 1005 1126 traemllttue
1057 1064 1102 1133 qui
1114 1063 1220 1117 amissis
1233 1062 1266 1116 iis
1278 1062 1416 1127 duntaxat,
1430 1061 1457 1117 in
1471 1061 1567 1131 quibus
1582 1060 1646 1117 laisa
1660 1063 1843 1131 assumptione

217 1156 348 1226 accipere.
631 1227 633 1231 ι
1055 1154 1275 1209 lelicitasrersari
1283 1152 1411 1218 creditor,
1420 1152 1589 1222 tantoaptior
1599 1160 1642 1207 est
1654 1152 1687 1206 ad
1697 1165 1844 1220 assequen-

371 1241 585 1300 cousouatw
604 1237 851 1298 PlilbOSOPfllAE·
1057 1246 1216 1302 damneram
1230 1245 1383 1301 felicitatem
1398 1262 1404 1297 ι
1422 1245 1464 1299 bic
1483 1246 1555 1300 enim
1569 1251 1643 1299 tanto
1656 1245 1765 1300 liberior
1773 1259 1811 1301 est
1827 1263 1841 1298 a

253 1336 397 1408 Postquam
422 1335 594 1405 Philosophia
618 1333 796 1404 praemonuit,
819 1327 958 1401 1⁰)l'roso
978 1327 1005 1396 5)
1058 1337 1184 1401 miseriis,
1200 1351 1260 1406 que
1278 1335 1356 1390 unica
1372 1335 1572 1406 conquestionis
1586 1349 1676 1391 causa.

218 1429 343 1485 exsilium
361 1428 554 1495 adversamque
570 1425 704 1480 loctunam
718 1421 801 1477 boetii
823 1420 892 1475 tuate
908 1418 946 1473 sic
960 1434 1005 1472 vo·
1079 1427 1175 1497 arqui
1194 1435 1232 1492 ru,
1246 1441 1264 1482 0
1278 1426 1369 1495 stant),
1384 1426 1489 1482 amissa
1503 1426 1536 1481 trs
1558 1425 1695 1494 dumam,
1707 1425 1734 1481 i„
1748 1426 1844 1497 quipus

219 1522 293 1587 cari;
308 1522 340 1574 ²⁰
356 1518 452 1591 (Metro
465 1519 493 1588 6)
510 1527 628 1573 mentem
644 1515 728 1570 4444444
739 1513 856 1568 4404444444
869 1526 948 1581 1³⁰·ise
962 1525 1007 1563 44·
1059 1518 1125 1575 laisa
1150 1519 1333 1589 assumptione
1356 1519 1470 1575 felicitas
1491 1520 1592 1574 versari
1613 1514 1743 1586 creditur,
1770 1528 1844 1575 tararto

220 1611 362 1669 lidiorlbus
376 1610 501 1667 remediis
521 1609 608 1664 0444544
624 1625 632 1675 ;
647 1608 676 1664 δ’
692 1605 788 1679 (Prota
801 1604 829 1676 6)
840 1618 870 1659 80
879 1603 1008 1670 (4444404448
1059 1613 1146 1684 aptio)-
1160 1629 1190 1668 aa
1203 1612 1236 1667 ad
1251 1612 1447 1682 assequendam
1463 1626 1553 1667 geram
1569 1610 1731 1668 felicitatem,

220 1720 328 1764 4444444444
343 1704 403 1774 4444,
417 1717 475 1774 (44444
490 1711 531 1760 444
543 1702 570 1758 444
585 1700 686 1769 4444444,
701 1713 761 1755 444444
774 1699 815 1753 4444
830 1705 886 1752 444444
898 1697 944 1751 044
960 1708 1009 1748 ¹¹⁰·
1096 1704 1214 1760 Primum
1235 1705 1342 1776 quidem
1359 1719 1390 1760 ea
1407 1704 1536 1761 domarat
1556 1705 1679 1772 amisisti,
1702 1706 1729 1759 in
1747 1703 1844 1775 quibus

220 1795 303 1864 done,
319 1808 470 1865 (4444444444
493 1792 590 1865 (Helm
606 1791 633 1861 7)
652 1786 897 1859 4444444444444444444
910 1783 1007 1839 4444444·
1022 1778 1045 1839 Β
1059 1795 1125 1851 laisa
1147 1797 1330 1864 assumptione
1343 1795 1463 1852 creditur
1480 1809 1540 1851 csse
1559 1795 1692 1850 inlicitas:
1709 1795 1762 1850 tate
1772 1796 1844 1851 enim

220 1897 295 1954 44444
311 1888 403 1943 eidem
420 1884 593 1963 Ρ44ἶ44444444444
603 1883 652 1938 4444
668 1881 802 1953 4440440444,
816 1879 850 1934 444
863 1877 1008 1934 4444544444·
1059 1897 1101 1945 est
1115 1888 1262 1958 generatim
1283 1887 1379 1960 (Proca
1395 1887 1426 1958 4)
1440 1901 1520 1942 omne
1539 1886 1638 1942 bonum
1659 1893 1796 1952 creatum,
1812 1888 1845 1939 ad

220 1978 283 2034 dum
304 1980 437 2046 Βοθῑίυιιι,
457 1985 674 2048 argumentorum
690 1988 788 2045 4444444
802 1988 810 2038 3
826 1985 940 2042 4440444444
955 1969 1010 2035 ill·
1059 1979 1130 2051 quod
1142 1979 1212 2034 male
1225 1980 1375 2049 applicatur
1385 1977 1480 2047 (listro
1491 1977 1520 2049 4)
1536 1977 1651 2046 ingenita
1663 1976 1739 2030 uobis
1749 1976 1845 2031 summi

221 2084 293 2125 44444444
310 2070 421 2124 mininis
438 2085 445 2134 i
461 2068 607 2124 4444444444
628 2065 751 2136 4444404444
768 2064 876 2120 4444444444
898 2058 1009 2117 4444444444
1060 2071 1124 2128 boni
1144 2071 1279 2142 cogitatio.
1296 2069 1374 2125 Tales
1388 2080 1450 2126 sunt
1467 2069 1627 2142 (Prosoiet
1640 2067 1723 2122 iletre
1736 2068 1764 2137 5)
1779 2068 1846 2121 diri-

221 2161 285 2218 dicit
295 2161 506 2232 csse‘porrdcris.
1061 2166 1116 2219 tite.
1133 2163 1211 2218 Tales
1232 2160 1333 2233 (Proca
1351 2159 1369 2214 4
1389 2167 1413 2215 ct
1427 2159 1510 2214 iletre
1528 2157 1557 2230 4)
1580 2160 1758 2230 magistratus.
1775 2158 1846 2212 Talis

237 2266 240 2272 ·
257 2253 357 2318 Primo.
373 2253 471 2323 inqut,
482 2252 527 2322 oui
541 2266 602 2308 sese
614 2250 748 2307 commisit
759 2248 870 2305 arbitrio
882 2247 1008 2312 domina,
1061 2253 1155 2326 (Prusa
1168 2255 1185 2308 s
1200 2262 1224 2308 rr
1237 2252 1358 2322 stauos)
1372 2260 1500 2321 potestas.
1514 2250 1584 2304 tatis
1597 2249 1752 2320 (Ριιιιιιι
1764 2249 1846 2303 sterio

221 2359 301 2414 quam
316 2345 392 2399 rtorit
411 2355 464 2399 tam
480 2345 688 2406 inconstantem,
702 2355 782 2410 quam
796 2339 969 2402 allicientem,
983 2347 1011 2392 ct
1061 2344 1090 2415 6)
1107 2344 1201 2416 gloria.
1223 2343 1296 2398 'salis
1316 2342 1417 2415 (Proca
1434 2344 1486 2397 'let
1500 2342 1582 2397 llctro
1596 2342 1623 2413 t)
1638 2342 1760 2411 voluptas
1783 2357 1847 2396 cor·

221 2433 283 2489 maii
296 2448 347 2489 nou
363 2435 450 2489 rarius
465 2449 545 2504 quam
558 2434 621 2488 boui
640 2440 789 2503 parentem,
802 2431 825 2486 is
836 2444 896 2484 cum
911 2444 943 2484 ea
956 2442 1011 2482 nou
1061 2435 1145 2506 poris,
1166 2435 1240 2490 Tatta
1261 2433 1364 2506 (prm
1381 2435 1398 2491 8
1419 2444 1442 2489 et
1463 2433 1547 2489 Metro
1560 2433 1594 2504 8)
1608 2434 1697 2490 omnia
1720 2433 1788 2489 bona
1804 2447 1846 2487 cn.

221 2523 301 2579 debet
312 2525 440 2594 conqueri
452 2523 486 2580 de
502 2525 572 2579 tnalo
588 2524 638 2578 sibi
654 2523 738 2587 illato,
751 2522 898 2592 pracsertim
914 2520 936 2576 si
949 2520 1011 2589 plus
1061 2527 1140 2584 duca,

222 2613 285 2670 boni
298 2629 377 2684 quam
394 2614 456 2668 mali
469 2614 503 2669 ab
523 2615 617 2668 cadem
632 2612 765 2681 occeperit
782 2610 927 2665 :dominus
938 2608 1010 2662 enim
1097 2616 1199 2674 Deinde
1210 2618 1299 2689 aptior
1309 2617 1405 2692 (Proca
1416 2617 1444 2692 b)
1454 2634 1484 2675 es
1499 2627 1639 2690 propterea
1654 2618 1686 2674 ad
1701 2633 1846 2689 assequar.

222 2715 251 2763 444
264 2706 372 2763 4444444444
388 2704 488 2774 44444444
503 2705 557 2759 4444
572 2704 697 2773 4444444444
721 2702 817 2774 44444444
832 2716 882 2757 ⁵¹¹⁰
894 2700 955 2771 44444
972 2700 1011 2753 4444
1062 2710 1124 2767 dam
1140 2725 1231 2767 teram
1247 2709 1412 2776 felicitatem,
1427 2712 1551 2767 nimirum
1567 2728 1657 2767 teratu
1676 2715 1773 2768 summi
1786 2712 1848 2767 boni

222 2808 353 2877 pbsflbtll:
371 2813 421 2855 44444
435 2797 609 2868 mancipium,
627 2797 697 2869 quod
713 2798 781 2852 tttale
794 2796 880 2866 excipi
895 2803 1010 2866 polemi,
1062 2803 1263 2875 Quamnam,
1275 2804 1410 2874 aspirante
1424 2811 1512 2858 tamam
1528 2803 1593 2869 Dar),
1609 2805 1654 2874 qu)
1666 2805 1766 2860 idcireo
1781 2802 1847 2876 (Me.

212 2894 350 2964 conqueri
363 2903 419 2950 tum
430 2902 528 2965 potest,
541 2909 601 2950 cum
617 2893 686 2948 benc
697 2893 840 2961 excipitur.
1063 2908 1103 2952 tro
1116 2897 1144 2968 9)
1160 2898 1324 2954 invocandus
1339 2907 1381 2954 est
1397 2917 1403 2951 z
1424 2898 1531 2968 aliquod
1546 2898 1616 2954 enim
1630 2909 1672 2956 est
1691 2898 1786 2972 (Proser
1803 2899 1847 2970 lll)

258 2986 316 3043 Lm.
332 3003 360 3041 ιι.
371 3017 404 3028 -
417 2989 494 3057 Atqui
510 2997 576 3054 tu,0
593 2985 677 3053 Boeti,
690 2992 716 3040 te
730 2982 887 3039 comm'sisti
899 2980 1011 3036 arbitrio
1063 3003 1197 3044 summum
1211 2988 1321 3056 bonrum
1331 2988 1455 3044 videlicet
1464 2989 1544 3055 Deus,
1553 2990 1595 3044 cui
1608 2988 1747 3059 cogitando
1760 2991 1847 3044 omuis

224 3074 361 3147 (Procul)
375 3076 489 3131 fortunae
508 3091 587 3146 quam
605 3076 675 3131 nosti
696 3073 791 3147 (Metro
808 3073 834 3142 4)
854 3073 1011 3128 naturaliter
1064 3061 1145 3135 homo
1162 3077 1257 3153 (ttrtru
1271 3078 1315 3148 ld)
1329 3093 1424 3135 vacare
1441 3079 1531 3148 debet,
1548 3089 1671 3150 tanquam
1686 3078 1781 3150 (Proso
1801 3079 1846 3145 li)

223 3177 277 3224 tam
292 3166 387 3240 (Proto
397 3168 427 3238 4)
437 3167 644 3235 inconstantem,
656 3181 735 3238 quam
748 3164 842 3236 (iletre
853 3167 881 3234 4)
897 3139 1048 3220 allicieu·C
1064 3169 1158 3240 ultimo
1176 3185 1265 3225 rerum
1280 3172 1399 3225 omnium
1415 3170 1460 3224 tini
1475 3187 1483 3224 a
1497 3171 1567 3239 quod
1586 3181 1615 3225 ut
1629 3171 1755 3226 doceatur
1768 3171 1848 3224 botruo

224 3269 277 3316 tem
290 3259 351 3313 boui
361 3259 476 3329 malique
487 3258 632 3325 dominam,
645 3265 697 3312 eta
710 3272 760 3326 qua
769 3257 827 3326 plus
840 3256 903 3313 boni
917 3257 1013 3328 (Prona
1066 3260 1161 3334 (lletro
1180 3258 1240 3331 tt),
1253 3276 1328 3315 suam
1347 3269 1463 3316 mentem
1478 3263 1603 3316 attentius
1619 3262 1761 3317 meditetur
1775 3278 1782 3316 ε
1798 3261 1849 3315 bac

223 3349 276 3404 bct
292 3347 375 3402 iletre
390 3348 419 3417 5)
433 3349 560 3417 accepisti
573 3363 653 3416 quam
669 3347 733 3401 mali
746 3363 752 3399 :
767 3362 839 3414 cum,
850 3347 949 3403 eadem
960 3347 1013 3402 lor·
1064 3351 1161 3420 (Proto
1182 3351 1227 3416 44)
1248 3352 1345 3421 quippe
1369 3344 1541 3408 meditatione
1555 3352 1654 3419 discet,
1678 3354 1767 3407 omnia
1790 3367 1848 3408 esso

223 3440 287 3496 tulta
302 3438 387 3507 duce,
407 3439 559 3508 acceperis,
580 3454 647 3509 puer
664 3440 793 3510 optimam
814 3439 1011 3505 educationem,

224 3516 380 3587 adolescens
400 3545 520 3585 summos
539 3532 665 3596 bonores,
679 3531 720 3586 tir
733 3532 862 3599 optimum
878 3545 1011 3597 socerum,

224 3621 351 3690 optimam
363 3636 485 3686 uxorem,
499 3624 615 3692 optimos
625 3622 736 3687 liberos,
748 3630 786 3688 et,
798 3623 868 3692 quod
885 3631 1013 3691 praestan·

225 3710 356 3767 tissimum
371 3719 426 3775 est,
441 3712 571 3781 optimum
589 3726 696 3782 semper
712 3713 842 3781 animum,
856 3711 954 3782 quibus
974 3713 1014 3767 di-

223 3815 301 3858 scere
316 3804 440 3871 potuisti,
455 3803 512 3874 pari
536 3804 676 3873 prudentia
696 3814 723 3860 et
736 3818 854 3860 summas
866 3811 895 3861 et
909 3803 1014 3859 intimas

160 3925 162 3930 ·
224 3895 392 3951 conditiones
407 3896 508 3953 bomini
521 3911 582 3952 esse
595 3896 753 3968 fugiendas.v

260 3987 395 4056 Secundo,
409 3989 505 4059 inquit,
514 4003 563 4045 nec
573 3999 616 4045 est
625 3990 696 4058 iusta
708 3987 889 4059 conquerendi
901 3989 972 4043 ratio
981 3988 1015 4044 de

225 4079 330 4135 amissis
345 4079 388 4142 iis,
399 4094 460 4149 quse
474 4088 574 4134 tantum
587 4081 673 4145 abest,
685 4089 714 4134 ut
726 4079 795 4134 bona
808 4079 872 4144 sint,
886 4089 913 4134 ut
927 4079 1015 4149 potius

225 4166 281 4224 sint
303 4169 372 4224 mala
399 4169 521 4224 ltumansr.
545 4171 670 4224 mentis:
704 4169 804 4224 bonum
826 4169 925 4238 quippe
949 4177 1012 4238 est,

225 4257 347 4328 adeoque
360 4259 453 4330 gratioe
467 4259 566 4328 potius,
582 4273 661 4328 quam
681 4259 796 4329 querele
807 4271 900 4324 causa,
915 4257 1014 4327 privari

1064 3440 1135 3497 lacta
1151 3441 1242 3507 abeo,
1255 3455 1269 3494 a
1284 3440 1339 3495 lieo
1353 3443 1419 3511 regi,
1435 3453 1461 3496 et
1476 3441 1509 3496 ad
1523 3442 1604 3496 Deum
1618 3455 1678 3497 esse
1695 3442 1848 3497 reserenda:

1065 3532 1115 3588 bac
1129 3534 1290 3602 cogitatione
1304 3531 1398 3604 (llctro
1413 3531 1457 3603 44)
1473 3532 1563 3588 latices
1582 3546 1686 3599 sumus,
1699 3547 1749 3587 nec
1764 3532 1850 3588 intell·

1064 3639 1121 3688 ces,
1136 3625 1188 3679 nisi
1203 3624 1329 3693 inspectis
1343 3623 1423 3678 rebus
1437 3623 1543 3678 caducis
1556 3622 1648 3679 cadem
1668 3624 1796 3693 cogitatio
1807 3632 1849 3682 aut

1064 3715 1195 3780 deleatur,
1210 3723 1255 3769 ιιιιι
1268 3716 1364 3770 saitem
1376 3714 1544 3769 obscuretur.

1082 3805 1295 3864 ARGUMENTA
1314 3803 1559 3861 consotamutlt
1577 3801 1833 3859 rrtttosortrtcm

1226 3912 1446 3953 corraseracurr
1466 3908 1692 3950 nosroustoruous.

1101 3990 1160 4057 Quo
1173 3988 1323 4058 antiquiora
1337 3993 1401 4043 sont
1413 3986 1576 4056 praejudicia,
1598 4001 1631 4040 eo
1645 3983 1780 4040 dilllcilius
1795 3983 1851 4040 aar

1066 4090 1217 4145 eruuntur;
1229 4085 1369 4148 propterea
1381 4077 1472 4132 lloetio
1486 4073 1620 4145 praedietis
1631 4084 1765 4128 commoto
1777 4073 1851 4143 plura

1066 4177 1223 4242 suppetunt,
1241 4184 1300 4239 quar
1314 4169 1442 4223 adversus
1462 4166 1534 4220 illam
1558 4163 1733 4234 pbilosopbito
1752 4162 1852 4217 doctri·

1067 4275 1128 4317 ntro
1143 4267 1260 4330 opponat
1272 4276 1280 4326 ;
1294 4257 1342 4316 sed
1364 4272 1420 4313 sue
1435 4272 1488 4311 non
1504 4256 1603 4312 desunt
1616 4253 1796 4322 Pbilosopiriae
1812 4266 1852 4307 re

224 4351 312 4407 malis.
1066 4351 1235 4422 sponsiones.

240 4464 244 4468 ⁴
259 4443 339 4512 Atqui
355 4457 414 4514 quae
427 4441 551 4508 amisisti,
563 4456 580 4496 o
594 4442 734 4511 Seteriue,
748 4439 856 4496 diuitias
877 4441 1012 4506 nimirum,
1102 4440 1159 4495 Lm.
1173 4436 1305 4494 ιιι-454
1317 4435 1412 4507 (Proso
1425 4433 1452 4504 l)
1465 4434 1546 4499 Deus,
1558 4433 1640 4498 inquit
1652 4431 1765 4498 Boetius,
1775 4445 1852 4484 muu-

224 4543 252 4589 οι
266 4542 362 4588 caetera
379 4531 404 4586 id
422 4545 506 4600 genus
525 4546 586 4602 quse
608 4545 687 4586 vocas
701 4533 780 4600 bona,
798 4532 855 4587 baec
876 4530 1014 4602 (Proculi)
1028 4501 1129 4588 ¹Jdum
1147 4536 1262 4599 regeret,
1285 4542 1336 4583 nec
1357 4528 1443 4581 rictus
1469 4524 1601 4594 praemio,
1625 4535 1676 4577 nec
1697 4521 1789 4575 tritium
1804 4535 1853 4577 sua

225 4623 294 4678 mala
309 4624 398 4693 potius
412 4630 475 4678 sunt
487 4623 582 4690 animi,
598 4637 677 4692 qoam
693 4623 779 4688 bona,
796 4624 913 4678 miseriae
927 4623 1015 4692 potius
1065 4631 1171 4680 careret
1185 4634 1262 4691 poeoa
1276 4637 1282 4672 :
1298 4633 1358 4674 cum
1374 4627 1461 4673 tamen
1477 4615 1643 4672 contrarium
1653 4613 1834 4682 experiamur.

224 4729 304 4784 quam
325 4713 461 4768 felicitatis
485 4726 598 4768 causae:
624 4720 765 4783 propterea
784 4712 855 4766 enim
876 4708 971 4782 (Metro
985 4711 1014 4779 5)
1101 4709 1263 4781 Neollbid.)
1276 4711 1359 4765 virtus
1375 4708 1502 4778 praemiis,
1518 4704 1790 4776 inquitPltilosopbio,
1805 4718 1854 4757 nec

224 4814 288 4860 aetas
302 4806 432 4875 majorum
454 4814 545 4861 nostra
561 4804 611 4859 luit
626 4803 747 4873 lelicior;
771 4803 841 4874 quod
858 4803 894 4858 illi
907 4803 1014 4869 minori,
1064 4804 1123 4871 suis
1137 4812 1210 4860 caret
1218 4803 1314 4863 titium
1327 4800 1475 4870 suppliciis.
1492 4801 1525 4853 t0'
1536 4799 1614 4853 Enim
1629 4795 1725 4867 (lletio
1738 4795 1765 4866 4)
1777 4795 1853 4864 probi

224 4907 303 4962 qoam
323 4911 387 4962 nos,
403 4895 499 4950 borum
512 4895 659 4963 cupiditate
679 4902 836 4950 tenerentur
852 4908 860 4949 ι
875 4900 1015 4960 propterea
1068 4896 1125 4952 Deo
1138 4896 1307 4951 adhaerentes
1319 4893 1491 4962 cogitatione,
1507 4891 1621 4945 bumana
1636 4897 1699 4944 sunt
1714 4890 1739 4942 in
1757 4887 1852 4957 patria,

225 4979 322 5052 (Proto
339 4983 367 5052 ti)
391 4986 508 5052 porentia
534 4985 561 5039 in
590 4983 712 5052 improbo
739 4985 896 5052 magistratu
919 4981 1011 5035 sedem
1069 5002 1084 5042 a
1097 5001 1150 5057 qua
1166 4985 1280 5056 improbi
1294 4983 1426 5039 exsulant.
1440 4981 1472 5034 40
1484 4980 1580 5053 (Proso
1592 4980 1621 5051 4)
1636 4978 1716 5034 Probi
1730 4987 1793 5032 sum
1807 4992 1854 5047 po-

224 5083 302 5128 444444
313 5073 440 5142 4444444444
453 5076 510 5130 44444
525 5084 641 5146 strages,
656 5073 728 5145 4444044
743 5073 823 5128 44444444
837 5079 910 5141 444444
920 5086 1014 5128 ellim·
1067 5086 1168 5144 tcntes,
1179 5074 1293 5147 improbi
1307 5075 1479 5144 impotentes,
1494 5086 1527 5126 er
1540 5085 1574 5125 eo
1586 5068 1684 5138 (listro
1694 5067 1722 5138 4)
1737 5080 1854 5135 preser-

223 5160 547 5235 9¹⁰(ffl1f06l1i'0r0nitt
564 5176 705 5235 propterea
716 5163 812 5236 (Prota
823 5162 850 5232 ⁷)
863 5161 933 5217 444144
944 5163 1013 5232 illst,
1068 5167 1129 5233 tim,
1143 5166 1214 5237 quod
1229 5165 1266 5220 illi
1280 5161 1462 5226 moderentur,
1478 5160 1505 5214 bi
1519 5160 1574 5215 suis
1587 5160 1768 5228 obsequantur
1793 5171 1862 5225 pera

223 5267 276 5325 44444
291 5254 407 5323 4444444444
425 5255 538 5324 quisque
555 5254 668 5310 >Videbit
687 5253 762 5319 44444,
779 5260 906 5323 hildilam
929 5250 1013 5306 altera
1067 5255 1273 5312 turbationibus.
1287 5254 1319 5308 54
1342 5249 1437 5323 (Ριοιιι
1450 5248 1479 5319 5)
1494 5249 1573 5304 Probi
1597 5249 1623 5303 in
1640 5246 1717 5310 deos,
1738 5243 1853 5313 improbi

223 5347 288 5412 rita,
304 5346 400 5417 (listro
415 5348 443 5418 4)
460 5354 574 5402 mortem
599 5347 717 5416 geminat
740 5344 847 5400 taudem
868 5346 1013 5418 aliquando
1066 5345 1095 5401 in
1109 5344 1204 5417 (listro
1217 5340 1246 5414 5)
1263 5341 1363 5398 bestias
1383 5350 1472 5397 mente
1486 5346 1700 5394 convertuntur:
1728 5334 1791 5390 binc
1803 5334 1854 5390 im·

223 5436 350 5494 latiscens
367 5456 373 5490 ε
394 5445 535 5509 propterea
553 5436 650 5507 (Proto
662 5435 698 5503 8)
717 5435 833 5503 fortuna,
856 5449 916 5505 quor
932 5437 1012 5508 vulgo
1064 5434 1141 5505 probi
1156 5433 1253 5506 (Prota
1262 5433 1292 5503 t)
1304 5431 1443 5486 miserrimi
1455 5438 1527 5497 sunt,
1542 5443 1654 5499 quorum
1670 5427 1771 5483 ideirco
1785 5425 1853 5494 (tte-

223 5525 319 5589 dicitur
329 5541 467 5599 prospera,
477 5535 594 5582 mentem
603 5523 880 5591 inrolteosteoebris,
888 5526 1011 5582 eamdem
1062 5537 1102 5580 tro
1112 5523 1142 5595 4)
1157 5531 1265 5593 praestat
1275 5521 1405 5577 misereri.
1489 5591 1497 5610 ⁹

223 5614 325 5673 inducit
346 5633 407 5678 cuut
427 5619 608 5686 interrorem,
633 5624 690 5671 tum
711 5615 739 5670 io
759 5616 893 5682 vitium,a
914 5619 1012 5687 quibus
1099 5617 1132 5672 ll.
1149 5615 1201 5673 Soa
1221 5615 1256 5670 sit
1273 5611 1365 5684 probis
1385 5612 1512 5678 lelicitas,
1526 5625 1574 5666 sua
1591 5609 1719 5676 improbis
1733 5606 1851 5671 miserie,

222 5703 337 5774 tortum,
354 5721 414 5776 quor
428 5706 507 5775 vulgo
521 5707 634 5764 babetur
644 5706 768 5774 adversa,
781 5704 820 5760 sic
834 5704 939 5772 liberat,
953 5706 1011 5762 brec
1064 5706 1124 5762 dicit
1141 5703 1262 5767 boetius.
1283 5718 1333 5759 cur
1354 5710 1501 5772 praetereo,
1528 5699 1581 5755 ilco
1596 5697 1723 5754 mundum
1742 5703 1853 5765 regente
