3906 6180
152 317 204 377 aar
722 310 857 370 muneri
871 304 1022 370 uctsoorr
1036 290 1225 369 rrcrrttrnsrs
1729 298 1783 359 reo

153 431 210 486 vrrit
222 431 311 485 taitt'cn
321 428 412 485 divino
419 423 547 500 mysterio
558 422 713 495 proiecisse,
725 424 795 493 ouod
809 422 939 478 lacescat.
954 420 1120 493 Ἀιειιοιεὶι
1132 423 1176 479 bic
1190 423 1300 483 odorem
1316 432 1395 478 snam
1409 417 1555 478 samtiiertc
1567 413 1679 488 virginis
1697 414 1783 486 lilius,

153 521 219 577 liam
235 535 295 576 cunr
319 519 427 576 caeteris
449 516 609 574 animalibus
634 514 758 572 bcbstata
773 514 943 586 caligantium
994 512 1038 570 ubi
1054 513 1114 570 sine
1133 513 1204 570 coba
1223 513 1341 570 nascitur
1353 510 1480 584 quidquid
1500 507 1622 566 ollertm.
1638 505 1697 562 ilcn
1711 505 1785 563 erim

152 612 302 670 crassitudo
322 615 356 668 sit
375 624 514 678 muscam
526 615 622 666 uernat
641 609 669 664 in
694 607 745 664 boc
767 608 944 680 dispositione
993 602 1038 658 bic
1051 603 1201 660 turicremis
1219 603 1367 660 muciam
1390 601 1512 658 adoletur
1536 599 1604 672 ignis
1629 597 1759 654 altaribus
1776 614 1784 652 2

92 699 97 710 ‘
154 707 287 762 dominica
301 705 440 761 bominum
463 703 568 759 iactura
589 701 770 773 praestantior,
789 701 864 772 oued
887 703 945 760 scii
993 706 1049 748 m
1071 693 1193 749 tillim
1214 691 1394 770 miltiiitfiflm
1419 693 1568 748 “milli
1593 686 1716 763 mutiens
1734 687 1787 745 ‘'⁰ss

153 797 261 854 tiberias
274 796 476 868 potastscntlre
491 795 621 850 faetorem
636 809 644 845 ε
657 805 717 863 gum
732 798 823 848 taaren
837 792 945 849 serame
994 792 1122 854 perenn
1142 782 1250 839 litator:
1274 797 1328 840 non
1349 782 1486 841 bidentum
1503 781 1573 837 lctus
1592 778 1728 854 camitem
1737 788 1790 850 poh

153 898 195 944 cst
206 888 331 945 socianda
346 896 420 945 recte
438 884 594 957 pecudibus,
607 884 632 941 si
643 882 763 940 cmlestls
777 868 871 954 ignara
885 898 946 938 mn·
994 877 1060 943 tius,
1084 889 1164 947 quam
1188 875 1336 933 sacerdotis
1362 889 1455 933 ninom
1473 873 1604 932 desecuit.
1628 871 1734 929 Sufficit
1751 868 1787 929 ad

152 981 236 1047 neris,
264 980 338 1036 velot
359 979 485 1050 elinguis,
510 976 639 1032 beneficia
663 973 793 1029 diuinitus
818 986 946 1030 ocrrmssa
995 974 1193 1043 reparationem
1206 973 1363 1030 aternitatis
1375 972 1498 1044 perditae,
1513 969 1584 1040 quud
1597 983 1678 1025 rtmra
1693 968 1801 1054 nobis,¹

154 1073 305 1131 concludat.
319 1072 385 1128 llam
401 1080 430 1127 ut
443 1070 559 1126 absolvit
572 1083 587 1124 a
601 1067 714 1124 crimine
736 1066 763 1122 in
783 1065 946 1122 holocaustis
995 1064 1046 1122 sed
1067 1077 1116 1132 pro
1128 1063 1318 1139 nobisdgnns
1330 1066 1434 1122 ocdsns
1448 1072 1501 1120 est.
1517 1063 1612 1119 Procul
1625 1061 1687 1119 birro
1701 1062 1789 1119 aberit

154 1168 283 1238 mysticis,
299 1181 353 1221 non
367 1165 467 1222 babere
480 1164 552 1235 quod
564 1161 661 1218 oderas
675 1179 682 1215 ι
697 1161 734 1216 ita
749 1160 828 1230 digna
841 1157 946 1231 piaculo
995 1154 1093 1214 lanista
1104 1157 1240 1230 ludaicns,
1254 1161 1299 1231 qui
1315 1173 1364 1231 per
1374 1159 1515 1215 cicatrices
1529 1157 1669 1229 inguinum
1683 1157 1789 1213 'animas

153 1270 198 1312 rsa
217 1266 268 1321 est,
288 1255 424 1313 offerenda
438 1253 608 1312 subtrahere.
622 1251 705 1307 Pariii
719 1265 833 1321 namque
846 1248 947 1321 jndicio
997 1247 1049 1304 sibi
1070 1250 1213 1320 acquisitas
1238 1257 1278 1306 tot
1301 1249 1371 1307 solet
1395 1264 1539 1308 numerare
1564 1259 1630 1322 quot
1651 1249 1788 1308 uulnerat.

156 1351 307 1406 censendus
323 1360 374 1415 cst,
389 1349 476 1418 etqui
499 1359 633 1416 nunquam
656 1344 774 1415 loquitur
797 1358 844 1412 per
867 1351 947 1397 natu·
997 1344 1100 1402 Christi
1126 1349 1209 1402 nostri
1237 1346 1361 1404 libamina
1386 1348 1501 1404 infucata
1525 1348 1697 1419 simplicitate
1710 1355 1793 1405 com-⁸

155 1456 223 1508 ram,
235 1450 263 1496 et
273 1441 317 1510 qui
332 1440 402 1508 quod
414 1439 540 1510 loquitur,
551 1451 605 1491 non
615 1434 704 1492 reddit
712 1431 946 1495 anctorildcirco,
998 1435 1116 1506 piantur.
1130 1435 1237 1508 Peragit
1247 1437 1441 1496 dedicationem
1457 1440 1577 1510 corporis
1595 1441 1690 1509 nostri,
1708 1457 1789 1513 crux,

157 1532 279 1601 bomine,
296 1532 419 1602 stupendi
433 1530 510 1600 buius
521 1527 609 1599 opilea
624 1525 884 1596 elenrcnti,aliquam
899 1522 948 1581 tibi
999 1528 1082 1596 unda,
1098 1529 1241 1587 confessio.
1260 1529 1299 1587 'le
1315 1546 1379 1602 ergo
1393 1544 1556 1602 qumumus,
1569 1531 1691 1602 Domine,
1707 1532 1790 1589 ut-si-

156 1612 173 1681 a'
186 1625 262 1681 nobis
276 1623 353 1680 reddi
373 1622 507 1680 credimus
520 1619 615 1678 bamili
635 1618 819 1675 satislactione
833 1615 948 1687 partiou-
1000 1619 1143 1691 cuttypico
1162 1620 1248 1690 prisca
1273 1621 1412 1692 mysterio,
1442 1624 1479 1679 ita
1507 1623 1659 1680 renotanda
1682 1625 1791 1696 agmina

155 1714 219 1783 iarn,
234 1714 303 1785 qrrnd
319 1723 403 1769 tntum
413 1711 601 1781 cognoscimus
614 1723 664 1764 nos
676 1708 787 1767 debere.
799 1707 865 1774 Quis
874 1706 947 1762 eninr
1001 1707 1082 1763 ducat
1095 1708 1285 1767 lracccolnmna
1300 1721 1373 1768 trans
1391 1713 1510 1784 gurgites
1526 1714 1731 1772 :cunctantis
1748 1728 1792 1772 se·

155 1806 224 1862 alius
239 1815 337 1876 practer
351 1814 377 1860 te
391 1801 484 1858 mnndi
506 1800 632 1871 labricam
647 1798 839 1877 perpendiculo
852 1812 950 1868 repen·
962 1795 989 1860 B
1000 1801 1065 1859 mlta
1078 1812 1227 1872 preparata
1250 1817 1299 1873 per
1318 1803 1412 1873 maria,
1435 1813 1465 1859 ει
1485 1804 1561 1859 sitiat
1571 1804 1650 1861 ειιῑῑε
1661 1805 1779 1876 pulvera

154 1899 217 1954 tinas
228 1896 356 1966 jussionis
374 1903 495 1950 exactam
516 1892 596 1946 bitida
615 1891 776 1948 auctoritate
797 1889 947 1956 solidatit3
1001 1891 1090 1950 lentus
1112 1893 1140 1949 in
1162 1893 1297 1951 ductibus.
1321 1894 1393 1951 Nihil
1417 1894 1461 1950 bic
1479 1901 1522 1951 est
1538 1895 1627 1966 inquo
1640 1894 1792 1966 discrepent

154 2001 214 2043 cum
230 1987 344 2056 primunr
364 1986 489 2056 praecepti
509 1984 546 2039 tui
566 1983 780 2041 miraculcterrs
793 1983 949 2054 coagulare·
1000 1984 1108 2055 antiqua
1128 1984 1205 2041 noris
1218 1995 1265 2042 ant
1288 1985 1417 2042 moderna
1443 1986 1589 2043 veteribus.
1617 1985 1656 2042 l'u
1681 2000 1791 2056 semper

155 2087 198 2134 tur
212 2080 237 2134 in
253 2080 369 2150 pelagus,
388 2088 414 2137 ει
432 2077 554 2136 deductis
568 2076 668 2135 deinde
689 2091 820 2151 aquarum
835 2076 949 2147 impres·
999 2077 1071 2135 idem
1086 2077 1213 2135 ilorainm
1223 2077 1386 2136 atsaoardoa
1399 2084 1562 2136 memoratus
1572 2090 1620 2148 per
1630 2076 1795 2148 propbetas,

154 2171 274 2228 sionibus
285 2172 330 2227 ilia
349 2172 477 2242 naufraga
497 2177 557 2240 post
570 2169 680 2225 sitiretl
698 2167 781 2238 Cujus
793 2166 949 2231 ctiam‚nisi
997 2168 1049 2226 ilic
1063 2179 1105 2226 ast
1119 2168 1153 2224 ad
1167 2169 1243 2239 cujus
1259 2177 1394 2239 precatum
1408 2168 1509 2225 liuenta
1523 2169 1669 2234 siccentur,
1684 2176 1714 2224 ut
1737 2166 1792 2224 lle·

155 2272 207 2320 tuac
235 2264 431 2336 investigabilis
451 2263 507 2319 iotc
530 2263 659 2333 iussionis
683 2270 809 2331 suscepta
827 2259 948 2331 germina
999 2259 1088 2318 brana
1103 2269 1229 2328 transeat,
1252 2260 1393 2335 AEgyptius
1417 2261 1594 2332 deprimatur,
1612 2269 1641 2318 ει
1654 2259 1751 2318 morsis
1764 2261 1792 2318 ia

155 2356 327 2414 nutriuntur?
342 2357 387 2426 qui
397 2355 515 2413 calorem
525 2356 610 2428 gignit
623 2353 730 2428 inlusis,
746 2353 791 2424 oui
806 2352 948 2409 tumorem
999 2365 1068 2423 aqna
1093 2352 1262 2424 corporibus,
1299 2352 1358 2409 sola
1383 2353 1483 2410 scobat
1506 2352 1586 2423 culpa
1611 2351 1791 2424 naulragiuta.

128 2487 129 2492 η
154 2446 238 2503 stillat
250 2447 405 2504 arentibus!
419 2449 475 2519 qui,
487 2448 539 2515 nisi
549 2448 620 2505 bens
628 2455 731 2514 noster,
747 2445 875 2504 succidua
886 2445 949 2515 iun·
999 2437 1057 2502 Boc
1066 2452 1156 2500 autem
1181 2444 1239 2511 tibi,
1267 2442 1390 2511 bomine,
1411 2453 1494 2502 casta
1508 2443 1666 2516 operatricis
1680 2459 1789 2515 manus,

154 2535 193 2613 git
216 2538 383 2609 temporibus
406 2548 537 2609 tempora,
553 2552 668 2609 quorum
695 2547 773 2592 terra
796 2534 949 2594 letusnune
999 2541 1028 2590 et
1041 2532 1109 2591 banc
1124 2533 1230 2591 intacta
1247 2533 1343 2600 matris
1354 2532 1477 2593 sobolem
1497 2534 1730 2601 commendantem
1742 2548 1794 2606 pet·

155 2629 218 2702 igue
235 2631 397 2696 iertescant,
418 2645 489 2687 nunc
509 2628 594 2700 glacie
617 2636 808 2698 temperentur,
822 2640 893 2683 nunc
905 2635 947 2684 te·
999 2639 1080 2698 quam
1098 2635 1216 2683 meretur
1230 2625 1330 2683 babere
1344 2635 1414 2683 terra
1434 2626 1506 2705 quod
1520 2626 1582 2684 coti
1595 2635 1638 2685 est
1652 2640 1732 2700 :que
1744 2642 1790 2698 pet

155 2735 222 2793 porc
235 2721 395 2793 animentur,
410 2734 482 2777 ncnc
493 2720 585 2777 bibulo
602 2718 707 2791 liquore
722 2720 948 2790 conspergantur?
1000 2715 1094 2776 domos
1108 2731 1202 2774 cereas
1216 2715 1308 2776 divino
1329 2719 1428 2789 stipant
1448 2717 1529 2776 melia
1540 2719 1699 2791 compendio
1712 2736 1720 2773 r
1732 2719 1794 2792 qui-

155 2800 289 2884 Quisbaec
302 2814 391 2871 omnia
405 2814 510 2871 etlccit
532 2829 565 2870 ex
591 2813 686 2880 nibiln,
707 2822 734 2869 et
760 2827 809 2883 per
830 2813 949 2884 iucisja·
1000 2804 1051 2865 bus
1064 2824 1146 2866 cansa
1165 2820 1207 2867 est
1229 2826 1382 2868 rtumcrosae
1397 2811 1536 2884 progeniei
1558 2813 1678 2870 nescisse
1699 2811 1793 2885 conju-

155 2921 235 2980 nuam
256 2921 271 2962 a
295 2914 431 2978 perpetuae
452 2905 539 2962 noctis
558 2903 635 2960 lurra
657 2902 789 2961 densitate
807 2902 946 2978 discrerit,
999 2898 1072 2973 giam
1089 2915 1146 2956 :ne
1159 2900 1222 2958 dum
1235 2903 1391 2973 copularum
1404 2900 1517 2958 nexibus
1530 2909 1702 2974 occupantur,
1717 2901 1793 2959 tabo·

155 2996 270 3068 iecitque
293 2996 446 3068 perenniter
468 2997 598 3056 laudanda
614 2996 790 3069 dispositione
800 2992 947 3068 piissimos,
1000 2991 1077 3049 randi
1090 3001 1195 3066 tempus
1206 2991 1343 3067 effugiant,
1356 3003 1384 3051 et
1397 3001 1552 3065 exspectent
1562 2993 1703 3066 ctprolcau
1714 2999 1793 3052 sitam

154 3097 215 3162 post
231 3087 296 3144 locis
306 3087 455 3162 claritatem
475 3104 531 3146 non
544 3089 650 3167 borreti
668 3090 794 3148 tenebras
809 3102 948 3151 rovorco„-
1003 3082 1110 3156 turgida
1120 3085 1199 3141 airus
1211 3081 1341 3153 effundat,
1356 3100 1434 3155 qnam
1445 3084 1588 3143 barbarum
1600 3084 1793 3161 lorrodiligcu-

156 3184 197 3235 tes
213 3193 261 3248 per
273 3177 377 3234 dierum
391 3179 633 3248 diesiQuistevei
651 3179 748 3249 dignus
760 3190 806 3237 aut
820 3171 987 3243 iacundusG
1002 3166 1054 3236 tius
1068 3187 1180 3250 possum
1202 3193 1251 3236 cre
1274 3178 1519 3251 prodigarcsnuam
1540 3179 1697 3237 seminato
1713 3179 1793 3252 buitta

155 3268 276 3327 laudator
290 3268 521 3340 eloquitur,cu1us
539 3271 680 3326 terminata
693 3270 847 3327 distributio
856 3287 950 3333 succe·
999 3281 1089 3329 autem
1103 3272 1175 3330 cerei
1189 3271 1425 3343 tunintsaorporc
1439 3280 1476 3337 te,
1492 3268 1793 3342 commentatorum

155 3362 236 3418 dente
251 3361 379 3428 varietate
398 3360 428 3416 iit
443 3362 564 3432 gratior:
587 3375 641 3433 quo
656 3361 770 3432 iubente
784 3360 890 3420 dulcior
902 3365 949 3423 lua
1000 3372 1163 3436 utsupsrnae
1181 3363 1375 3421 benedictionis
1395 3375 1493 3420 munus
1513 3362 1697 3422 accommodes
1722 3381 1730 3418 r
1760 3371 1791 3423 et

156 3463 208 3523 est,
223 3468 282 3525 qum
304 3452 447 3525 aliquando
459 3452 570 3521 desinit,
591 3451 708 3523 quamsi
730 3451 830 3523 jugiter
844 3468 949 3524 perma-
1001 3452 1010 3484 ¹
1037 3452 1132 3523 siquis
1148 3452 1209 3509 binc
1224 3454 1378 3523 sumpserit,
1393 3453 1522 3521 adsersus
1539 3450 1622 3509 dabra
1634 3462 1791 3525 ventorum,

156 3544 249 3602 aerati
271 3544 340 3600 Ecce
355 3544 399 3600 iila
422 3559 486 3614 nox,
503 3558 563 3616 quas
578 3544 706 3600 mundum
732 3542 862 3600 hactenus
883 3545 948 3616 iugc
999 3539 1131 3598 adversus
1145 3542 1256 3613 spiritus
1271 3542 1459 3614 procellarnm,
1475 3552 1519 3601 tua
1531 3537 1605 3618 iussa
1625 3543 1738 3611 mens,
1753 3544 1791 3602 sit

155 3632 345 3711 orrrdetissimae
359 3633 502 3707 deditionis
513 3641 694 3706 oppresserat,
708 3631 821 3704 populos
839 3647 855 3689 a
870 3635 948 3691 nexi·
999 3628 1039 3701 ilii
1050 3633 1185 3704 singulare
1199 3633 1349 3708 profugium
1364 3651 1371 3689 r
1390 3637 1425 3693 sit
1440 3649 1533 3694 murus
1553 3635 1589 3695 ab
1608 3635 1686 3693 boste
1700 3634 1791 3693 tideli-

155 3725 207 3783 tius
220 3724 346 3780 violento
357 3724 653 3794 conditionisabscirit,
670 3732 698 3781 ct
711 3723 741 3780 iit
766 3723 899 3781 libertatis
907 3725 948 3784 at·
998 3706 1059 3779 boa.
1071 3724 1156 3798 Simul
1171 3725 1251 3783 ctiam
1265 3741 1417 3796 quesumus
1432 3734 1459 3785 ιε
1484 3736 1514 3784 ut
1525 3727 1584 3806 pult
1595 3726 1629 3785 aii
1648 3729 1787 3784 vernantis

157 3815 218 3887 trit,
233 3831 292 3887 quar
305 3824 391 3872 mater
404 3815 491 3873 iuerat
505 3815 651 3872 servitutis.
668 3813 698 3871 ln
717 3813 797 3886 bupts
818 3813 876 3884 tibi,
893 3814 948 3873 ilo·
999 3813 1061 3867 anni
1076 3811 1169 3871 faciem
1184 3814 1317 3884 passionis
1331 3831 1362 3872 ac
1387 3816 1592 3874 resurrectionis
1613 3819 1666 3875 tuta
1682 3825 1788 3890 tempus

155 3906 236 3974 minc,
252 3906 426 3964 sanctissimae
446 3908 533 3963 noctis
546 3906 695 3964 ministerio
720 3906 770 3962 boc
784 3919 893 3962 cereum
907 3906 949 3962 iu·
999 3901 1107 3972 aptasti,
1120 3917 1180 3959 cum
1195 3913 1254 3973 post
1263 3915 1403 3962 concretas
1413 3905 1522 3963 hiemali
1541 3916 1648 3979 torpore
1660 3905 1751 3978 glebas
1762 3916 1791 3964 et

156 4013 217 4054 mon
231 3997 441 4068 oderimus'per
462 3998 532 4074 quod
544 3999 629 4072 caligo
640 4007 745 4057 retorta
757 4000 873 4072 pellatur
889 4018 896 4056 :
919 4000 948 4059 in
999 3995 1132 4053 infrenata
1153 3996 1237 4068 glacie
1256 3997 1376 4070 ilnminn,
1402 4000 1521 4058 norctlas
1535 4000 1669 4058 frondium
1686 4002 1789 4063 tunicas

155 4102 209 4160 quo
223 4091 327 4160 species
342 4090 413 4145 trium
433 4091 618 4161 compaginata
639 4091 786 4157 consortio,
810 4093 948 4150 societatis
998 4099 1103 4156 semma
1118 4088 1283 4154 c⁰n⁸⁰ettdib
1299 4100 1327 4146 et
1343 4106 1403 4146 cum
1426 4101 1536 4149 anctore
1561 4094 1711 4164 terminum
1735 4093 1788 4150 Do·

157 4167 350 4251 propemodum
368 4181 494 4260 mysticae
508 4179 610 4252 glutino
624 4181 819 4252 eonjuugatur:
834 4197 947 4256 quarum
999 4179 1072 4235 mino
1084 4179 1259 4236 nobisomnia
1271 4183 1433 4239 reviviscunt
1448 4202 1455 4237 :
1468 4183 1503 4240 da
1512 4184 1787 4255 multiplicestractnr

88 4294 89 4298 ¹
155 4256 244 4330 ceram
267 4269 369 4342 param
389 4271 520 4328 nectareis
539 4271 671 4343 partubus
683 4270 736 4329 leta
748 4273 887 4344 uirginitas
901 4290 949 4345 pa·
998 4267 1026 4325 in
1042 4271 1130 4338 terris,
1146 4279 1266 4330 nostrum
1280 4272 1358 4329 cilice
1368 4273 1438 4345 quod
1453 4267 1583 4344 ostendis,
1596 4282 1624 4333 et
1634 4269 1789 4334 sacerdotis

155 4380 251 4437 pyrum
273 4365 307 4420 ad
328 4365 453 4422 alimenta
476 4365 575 4436 ignium
599 4365 708 4438 lympha
734 4367 891 4439 [ransmigig
906 4367 947 4423 lu.
999 4359 1094 4429 uostri,
1112 4361 1155 4418 Vel
1175 4362 1333 4420 tofitlflcletl
1347 4365 1529 4423 incolunitate
1542 4377 1660 4435 belim,
1676 4365 1784 4423 libem·

78 4512 83 4519 ,
156 4470 218 4515 men
232 4457 371 4516 adhibetur
390 4457 499 4517 samio.
520 4458 592 4516 tilloit
607 4458 651 4516 bic
667 4459 813 4517 babetrox
829 4460 946 4517 buumna
998 4456 1053 4506 ⁸0¹⁰
1068 4462 1216 4523 wilti)orum
1230 4454 1411 4512 &liudberti
1425 4456 1725 4529 ῑθῐῠνθιῐιῐθθθῠιθῶ·

155 4551 228 4623 quod
244 4559 393 4619 consecret,
408 4551 454 4606 ubi
475 4558 560 4607 totum
575 4551 665 4623 dirigit
677 4565 793 4623 superna
815 4539 985 4623 rogation

155 4706 942 4850 tiiiiiiiitiiiltilitiidtiitti‚iiiiii
995 4712 1087 4840 litii
1102 4730 1319 4844 itiiittii·
1326 4720 1789 4847 ,districtissimis

155 4851 331 4926 nuncupatur,
346 4847 393 4928 sed
407 4847 557 4932 diaconus,
567 4846 613 4919 qui
635 4848 760 4931 episcopo
779 4858 859 4904 aetate
877 4864 942 4931 sup-
994 4854 1065 4909 enim
1078 4855 1149 4911 cerei
1162 4858 1294 4926 pascualis
1309 4862 1367 4916 rice
1383 4875 1473 4918 ceram
1485 4862 1546 4918 elec
1557 4861 1690 4932 pertusam
1701 4862 1787 4922 boue·

155 4928 213 4984 par,
228 4913 357 4994 Lndnyrci
367 4926 536 4999 imperatoris
548 4933 624 4988 pussu
638 4918 665 4999 td
679 4932 747 4987 opus
759 4925 906 5001 contexunt.
993 4920 1102 4980 dicebat
1115 4927 1335 4986 arcuidiaconns:
1362 4930 1423 4988 inde
1437 4932 1582 5001 particulas
1603 4932 1631 4988 in
1652 4946 1786 5000 agnorum

192 4983 200 5014 ¹
221 4983 251 5037 Sa
265 4999 320 5050 quo
331 4983 537 5058 brneaumprerrt]
549 4989 606 5044 lios
617 5002 689 5043 curm
702 4998 848 5070 cratonem
859 4988 940 5045 ndcm
993 4993 1109 5063 elligiem
1130 5011 1271 5064 expressas
1295 5002 1464 5065 asservabat,
1477 5004 1574 5072 populo
1594 5002 1719 5056 similiter
1738 5001 1785 5057 die

155 5059 278 5110 auctores
301 5053 418 5135 tradunt,
434 5065 463 5110 nt
476 5072 516 5138 Ιει
532 5072 610 5114 cerco
628 5057 745 5128 pascball
764 5074 809 5128 qut
827 5059 941 5115 sabbato
992 5078 1044 5132 qua
1060 5065 1160 5120 dictum
1174 5077 1226 5132 est,
1242 5068 1407 5126 dividendas.
1419 5071 1485 5139 Qun
1499 5087 1543 5128 res
1555 5073 1682 5127 nimirum
1696 5072 1782 5140 origi·

155 5133 248 5176 sancto
261 5131 397 5192 concepus
412 5127 534 5194 precibus
548 5138 667 5184 sacratus
681 5127 777 5209 luerat,
798 5129 939 5212 particula
992 5147 1054 5189 nem
1068 5135 1143 5190 dedit
1163 5140 1249 5194 ccreia
1271 5141 1333 5210 agni
1358 5142 1474 5197 coeiestia
1493 5142 1664 5213 imaginibus,
1693 5156 1783 5211 quasa

154 5193 371 5261 decerperetrtur,
397 5208 429 5248 ac
457 5197 553 5276 populo
567 5197 626 5278 die¹
646 5199 778 5280 dominica
797 5213 825 5252 tn
851 5197 936 5266 Albis,
992 5205 1161 5272 pontilicibus
1179 5206 1244 5276 ipsis
1265 5213 1418 5281 augustiore
1440 5221 1531 5282 postea
1552 5214 1604 5269 ritu
1627 5212 1781 5267 consecrari

154 5271 214 5333 post
236 5274 339 5319 sacram
364 5277 579 5322 corumunrcnem
602 5268 833 5336 distribuerentur,
867 5270 938 5326 unde
989 5284 1139 5344 ooemrunt.

154 5334 271 5389 suidtum
286 5331 313 5388 in
327 5334 428 5390 aedibus
440 5336 495 5390 suis
518 5334 654 5405 lacerent,
673 5339 715 5394 rel
740 5345 817 5407 agros
830 5338 938 5394 uineas·

154 5404 874 5548 unstroutsintriiraactnrmrrn
889 5418 936 5534 ιι
986 5384 1784 5559 iitittitttiiii

154 5541 268 5603 Euuodii
283 5546 383 5606 bened
406 5564 426 5606 tt
441 5565 450 5606 r
474 5547 610 5620 Sumptart
629 5564 661 5605 sa
673 5551 721 5607 tor
732 5558 819 5606 contra
834 5549 934 5622 proret-
1087 5544 1093 5558 ⁰
