<?xml version="1.0" encoding="UTF-8"?>
<!DOCTYPE html PUBLIC "-//W3C//DTD XHTML 1.0 Transitional//EN"
    "http://www.w3.org/TR/xhtml1/DTD/xhtml1-transitional.dtd">
<html xmlns="http://www.w3.org/1999/xhtml" xml:lang="en" lang="en">
 <head>
  <title>
</title>
<meta http-equiv="Content-Type" content="text/html;charset=utf-8" />
  <meta name='ocr-system' content='tesseract 3.04.00' />
  <meta name='ocr-capabilities' content='ocr_page ocr_carea ocr_par ocr_line ocrx_word'/>
</head>
<body>
  <div class='ocr_page' id='page_1' title='image "./patrologiaecurs47unkngoog_0226.png"; bbox 0 0 3906 6180; ppageno 0'>
   <div class='ocr_carea' id='block_1_1' title="bbox 104 360 154 418">
    <p class='ocr_par' dir='ltr' id='par_1_1' title="bbox 104 360 154 418">
     <span class='ocr_line' id='line_1_1' title="bbox 104 360 154 418; baseline 0 -1"><span class='ocrx_word' id='word_1_1' title='bbox 104 360 154 418; x_wconf 74' lang='grc'>151</span> 
     </span>
    </p>
   </div>
   <div class='ocr_carea' id='block_1_2' title="bbox 710 352 1136 413">
    <p class='ocr_par' dir='ltr' id='par_1_2' title="bbox 710 352 1136 413">
     <span class='ocr_line' id='line_1_2' title="bbox 710 352 1136 413; baseline -0.002 -2"><span class='ocrx_word' id='word_1_2' title='bbox 710 353 886 413; x_wconf 69' lang='lat' dir='ltr'>srtstutu</span> <span class='ocrx_word' id='word_1_3' title='bbox 907 352 950 408; x_wconf 81' lang='grc' dir='ltr'>ΕΤ</span> <span class='ocrx_word' id='word_1_4' title='bbox 969 354 1136 412; x_wconf 75' lang='lat' dir='ltr'>DECRETA.</span> 
     </span>
    </p>
   </div>
   <div class='ocr_carea' id='block_1_3' title="bbox 1684 360 1737 416">
    <p class='ocr_par' dir='ltr' id='par_1_3' title="bbox 1684 360 1737 416">
     <span class='ocr_line' id='line_1_3' title="bbox 1684 360 1737 416; baseline 0.038 -2"><span class='ocrx_word' id='word_1_5' title='bbox 1684 360 1737 416; x_wconf 73' lang='grc'>138</span> 
     </span>
    </p>
   </div>
   <div class='ocr_carea' id='block_1_4' title="bbox 104 468 1737 545">
    <p class='ocr_par' dir='ltr' id='par_1_4' title="bbox 104 468 1737 545">
     <span class='ocr_line' id='line_1_4' title="bbox 104 468 1737 545; baseline -0.001 -17"><span class='ocrx_word' id='word_1_6' title='bbox 104 493 152 532; x_wconf 82' lang='lat' dir='ltr'>ros</span> <span class='ocrx_word' id='word_1_7' title='bbox 172 475 265 545; x_wconf 78' lang='lat' dir='ltr'>gratiae</span> <span class='ocrx_word' id='word_1_8' title='bbox 289 473 438 530; x_wconf 86' lang='lat' dir='ltr'>birinitatis</span> <span class='ocrx_word' id='word_1_9' title='bbox 458 473 572 541; x_wconf 69' lang='lat' dir='ltr'>effulsit,</span> <span class='ocrx_word' id='word_1_10' title='bbox 599 474 695 542; x_wconf 88' lang='lat' dir='ltr'>quibus</span> <span class='ocrx_word' id='word_1_11' title='bbox 713 471 792 524; x_wconf 84' lang='lat' dir='ltr'>datur</span> <span class='ocrx_word' id='word_1_12' title='bbox 816 481 894 537; x_wconf 89' lang='lat' dir='ltr'>posse</span> <span class='ocrx_word' id='word_1_13' title='bbox 910 469 933 524; x_wconf 76' lang='lat' dir='ltr'>A</span> <span class='ocrx_word' id='word_1_14' title='bbox 949 468 1032 524; x_wconf 90' lang='lat' dir='ltr'>rectio</span> <span class='ocrx_word' id='word_1_15' title='bbox 1048 486 1055 522; x_wconf 76' lang='grc' dir='ltr'>ι</span> <span class='ocrx_word' id='word_1_16' title='bbox 1072 472 1132 538; x_wconf 85' lang='lat' dir='ltr'>qnia</span> <span class='ocrx_word' id='word_1_17' title='bbox 1156 472 1200 525; x_wconf 90' lang='lat' dir='ltr'>irri</span> <span class='ocrx_word' id='word_1_18' title='bbox 1215 487 1228 522; x_wconf 87' lang='lat' dir='ltr'>a</span> <span class='ocrx_word' id='word_1_19' title='bbox 1244 480 1285 526; x_wconf 90' lang='lat' dir='ltr'>est</span> <span class='ocrx_word' id='word_1_20' title='bbox 1305 471 1429 540; x_wconf 81' lang='lat' dir='ltr'>quaelibet</span> <span class='ocrx_word' id='word_1_21' title='bbox 1444 472 1470 526; x_wconf 90' lang='lat' dir='ltr'>in</span> <span class='ocrx_word' id='word_1_22' title='bbox 1483 470 1585 527; x_wconf 84' lang='lat' dir='ltr'>cultura</span> <span class='ocrx_word' id='word_1_23' title='bbox 1606 472 1654 528; x_wconf 87' lang='lat' dir='ltr'>bel</span> <span class='ocrx_word' id='word_1_24' title='bbox 1671 487 1737 528; x_wconf 90' lang='lat' dir='ltr'>con·</span> 
     </span>
    </p>
   </div>
   <div class='ocr_carea' id='block_1_5' title="bbox 104 563 899 1985">
    <p class='ocr_par' dir='ltr' id='par_1_5' title="bbox 104 563 899 1985">
     <span class='ocr_line' id='line_1_5' title="bbox 105 563 894 635; baseline -0.009 -14"><span class='ocrx_word' id='word_1_25' title='bbox 105 567 193 621; x_wconf 83' lang='lat' dir='ltr'>iacere</span> <span class='ocrx_word' id='word_1_26' title='bbox 214 565 288 635; x_wconf 79' lang='lat' dir='ltr'>qaod</span> <span class='ocrx_word' id='word_1_27' title='bbox 310 579 417 634; x_wconf 89' lang='lat' dir='ltr'>semper</span> <span class='ocrx_word' id='word_1_28' title='bbox 437 565 558 633; x_wconf 88' lang='lat' dir='ltr'>optastis.</span> <span class='ocrx_word' id='word_1_29' title='bbox 574 563 742 632; x_wconf 71' lang='lat' dir='ltr'><strong>Quapropter</strong></span> <span class='ocrx_word' id='word_1_30' title='bbox 768 564 894 632; x_wconf 82' lang='lat' dir='ltr'>qttmtiant</span> 
     </span>
     <span class='ocr_line' id='line_1_6' title="bbox 104 655 894 718; baseline -0.005 -6"><span class='ocrx_word' id='word_1_31' title='bbox 104 656 181 712; x_wconf 79' lang='lat' dir='ltr'>robis</span> <span class='ocrx_word' id='word_1_32' title='bbox 193 666 273 711; x_wconf 72' lang='lat' dir='ltr'>tante</span> <span class='ocrx_word' id='word_1_33' title='bbox 286 671 373 711; x_wconf 85' lang='lat' dir='ltr'>causae</span> <span class='ocrx_word' id='word_1_34' title='bbox 388 657 491 711; x_wconf 90' lang='lat' dir='ltr'>titulum</span> <span class='ocrx_word' id='word_1_35' title='bbox 506 655 601 710; x_wconf 87' lang='lat' dir='ltr'>ridetis</span> <span class='ocrx_word' id='word_1_36' title='bbox 614 669 674 709; x_wconf 91' lang='lat' dir='ltr'>esse</span> <span class='ocrx_word' id='word_1_37' title='bbox 688 667 835 718; x_wconf 87' lang='lat' dir='ltr'>serratum,</span> <span class='ocrx_word' id='word_1_38' title='bbox 851 669 894 708; x_wconf 85' lang='lat' dir='ltr'>re·</span> 
     </span>
     <span class='ocr_line' id='line_1_7' title="bbox 105 743 893 816; baseline -0.008 -14"><span class='ocrx_word' id='word_1_39' title='bbox 105 757 213 802; x_wconf 87' lang='lat' dir='ltr'>arorcte</span> <span class='ocrx_word' id='word_1_40' title='bbox 226 746 355 816; x_wconf 90' lang='lat' dir='ltr'>quidquid</span> <span class='ocrx_word' id='word_1_41' title='bbox 375 745 527 815; x_wconf 90' lang='lat' dir='ltr'>ambiguum</span> <span class='ocrx_word' id='word_1_42' title='bbox 550 745 712 800; x_wconf 71' lang='lat' dir='ltr'>remansisse</span> <span class='ocrx_word' id='word_1_43' title='bbox 730 743 847 799; x_wconf 88' lang='lat' dir='ltr'>creditur</span> <span class='ocrx_word' id='word_1_44' title='bbox 859 744 893 796; x_wconf 82' lang='lat' dir='ltr'>sd</span> 
     </span>
     <span class='ocr_line' id='line_1_8' title="bbox 106 836 895 909; baseline 0.001 -20"><span class='ocrx_word' id='word_1_45' title='bbox 106 840 298 909; x_wconf 74' lang='lat' dir='ltr'>plenitudinem</span> <span class='ocrx_word' id='word_1_46' title='bbox 311 839 481 909; x_wconf 70' lang='lat' dir='ltr'><strong>gaudiorum.</strong></span> <span class='ocrx_word' id='word_1_47' title='bbox 495 838 549 892; x_wconf 83' lang='lat' dir='ltr'>llos</span> <span class='ocrx_word' id='word_1_48' title='bbox 569 839 640 892; x_wconf 91' lang='lat' dir='ltr'>enim</span> <span class='ocrx_word' id='word_1_49' title='bbox 660 853 710 906; x_wconf 93' lang='lat' dir='ltr'>qua</span> <span class='ocrx_word' id='word_1_50' title='bbox 725 836 815 892; x_wconf 79' lang='lat' dir='ltr'><strong>decuit</strong></span> <span class='ocrx_word' id='word_1_51' title='bbox 829 836 895 891; x_wconf 82' lang='lat' dir='ltr'>abe-</span> 
     </span>
     <span class='ocr_line' id='line_1_9' title="bbox 105 926 895 999; baseline -0.006 -17"><span class='ocrx_word' id='word_1_52' title='bbox 105 930 193 984; x_wconf 86' lang='lat' dir='ltr'>rtione</span> <span class='ocrx_word' id='word_1_53' title='bbox 208 945 257 999; x_wconf 90' lang='lat' dir='ltr'>per</span> <span class='ocrx_word' id='word_1_54' title='bbox 271 929 382 983; x_wconf 87' lang='lat' dir='ltr'>Gratum</span> <span class='ocrx_word' id='word_1_55' title='bbox 392 928 479 982; x_wconf 81' lang='lat' dir='ltr'>sirum</span> <span class='ocrx_word' id='word_1_56' title='bbox 495 927 693 991; x_wconf 87' lang='lat' dir='ltr'>clarissimum,</span> <span class='ocrx_word' id='word_1_57' title='bbox 715 926 759 981; x_wconf 93' lang='lat' dir='ltr'>cui</span> <span class='ocrx_word' id='word_1_58' title='bbox 773 942 821 996; x_wconf 93' lang='lat' dir='ltr'>pro</span> <span class='ocrx_word' id='word_1_59' title='bbox 837 942 895 979; x_wconf 92' lang='lat' dir='ltr'>tnn-</span> 
     </span>
     <span class='ocr_line' id='line_1_10' title="bbox 106 1017 897 1089; baseline -0.006 -14"><span class='ocrx_word' id='word_1_60' title='bbox 106 1020 245 1075; x_wconf 85' lang='lat' dir='ltr'>deratiooe</span> <span class='ocrx_word' id='word_1_61' title='bbox 257 1021 299 1074; x_wconf 91' lang='lat' dir='ltr'>sui</span> <span class='ocrx_word' id='word_1_62' title='bbox 308 1035 426 1089; x_wconf 87' lang='lat' dir='ltr'>congrue</span> <span class='ocrx_word' id='word_1_63' title='bbox 436 1019 569 1074; x_wconf 80' lang='lat' dir='ltr'>sensimus</span> <span class='ocrx_word' id='word_1_64' title='bbox 579 1017 696 1073; x_wconf 80' lang='lat' dir='ltr'>officium</span> <span class='ocrx_word' id='word_1_65' title='bbox 706 1017 847 1087; x_wconf 70' lang='lat' dir='ltr'>legationis</span> <span class='ocrx_word' id='word_1_66' title='bbox 856 1017 897 1070; x_wconf 90' lang='lat' dir='ltr'>in·</span> 
     </span>
     <span class='ocr_line' id='line_1_11' title="bbox 106 1109 897 1180; baseline -0.006 -14"><span class='ocrx_word' id='word_1_67' title='bbox 106 1112 243 1180; x_wconf 73' lang='lat' dir='ltr'>iunctum,</span> <span class='ocrx_word' id='word_1_68' title='bbox 262 1110 358 1165; x_wconf 91' lang='lat' dir='ltr'>litteris</span> <span class='ocrx_word' id='word_1_69' title='bbox 374 1111 458 1165; x_wconf 84' lang='lat' dir='ltr'>uestri</span> <span class='ocrx_word' id='word_1_70' title='bbox 477 1110 641 1178; x_wconf 73' lang='lat' dir='ltr'>principatus</span> <span class='ocrx_word' id='word_1_71' title='bbox 655 1109 789 1175; x_wconf 84' lang='lat' dir='ltr'>acceptis,</span> <span class='ocrx_word' id='word_1_72' title='bbox 808 1122 897 1162; x_wconf 82' lang='lat' dir='ltr'>causm</span> 
     </span>
     <span class='ocr_line' id='line_1_12' title="bbox 106 1199 897 1273; baseline -0.006 -16"><span class='ocrx_word' id='word_1_73' title='bbox 106 1202 283 1273; x_wconf 85' lang='lat' dir='ltr'>magnitudini</span> <span class='ocrx_word' id='word_1_74' title='bbox 296 1202 496 1264; x_wconf 88' lang='lat' dir='ltr'>uooreuietttes,</span> <span class='ocrx_word' id='word_1_75' title='bbox 512 1211 525 1238; x_wconf 75' lang='lat'><strong>⁴</strong></span> <span class='ocrx_word' id='word_1_76' title='bbox 538 1202 731 1255; x_wconf 64' lang='lat' dir='ltr'>destinavimus</span> <span class='ocrx_word' id='word_1_77' title='bbox 742 1200 816 1253; x_wconf 80' lang='lat' dir='ltr'>viros</span> <span class='ocrx_word' id='word_1_78' title='bbox 828 1199 897 1254; x_wconf 86' lang='lat' dir='ltr'>Gcr·</span> 
     </span>
     <span class='ocr_line' id='line_1_13' title="bbox 107 1288 898 1361; baseline -0.01 -13"><span class='ocrx_word' id='word_1_79' title='bbox 107 1308 214 1348; x_wconf 90' lang='lat' dir='ltr'>manum</span> <span class='ocrx_word' id='word_1_80' title='bbox 228 1302 255 1348; x_wconf 92' lang='lat' dir='ltr'>et</span> <span class='ocrx_word' id='word_1_81' title='bbox 267 1292 396 1347; x_wconf 84' lang='lat' dir='ltr'>loannem</span> <span class='ocrx_word' id='word_1_82' title='bbox 410 1293 562 1360; x_wconf 76' lang='lat' dir='ltr'>epi-copus,</span> <span class='ocrx_word' id='word_1_83' title='bbox 577 1301 605 1345; x_wconf 94' lang='lat' dir='ltr'>et</span> <span class='ocrx_word' id='word_1_84' title='bbox 617 1290 745 1344; x_wconf 87' lang='lat' dir='ltr'>Blandum</span> <span class='ocrx_word' id='word_1_85' title='bbox 761 1288 898 1361; x_wconf 80' lang='lat' dir='ltr'>presbyte-</span> 
     </span>
     <span class='ocr_line' id='line_1_14' title="bbox 107 1381 895 1451; baseline -0.008 -11"><span class='ocrx_word' id='word_1_86' title='bbox 107 1403 181 1451; x_wconf 88' lang='lat' dir='ltr'>mm,</span> <span class='ocrx_word' id='word_1_87' title='bbox 204 1402 254 1440; x_wconf 89' lang='lat' dir='ltr'>nec</span> <span class='ocrx_word' id='word_1_88' title='bbox 277 1401 329 1439; x_wconf 92' lang='lat' dir='ltr'>uon</span> <span class='ocrx_word' id='word_1_89' title='bbox 353 1395 379 1440; x_wconf 90' lang='lat' dir='ltr'>et</span> <span class='ocrx_word' id='word_1_90' title='bbox 400 1384 515 1439; x_wconf 84' lang='lat' dir='ltr'>Felicem</span> <span class='ocrx_word' id='word_1_91' title='bbox 539 1384 698 1447; x_wconf 90' lang='lat' dir='ltr'>diaconum,</span> <span class='ocrx_word' id='word_1_92' title='bbox 714 1397 761 1451; x_wconf 89' lang='lat' dir='ltr'>per</span> <span class='ocrx_word' id='word_1_93' title='bbox 775 1396 842 1450; x_wconf 92' lang='lat' dir='ltr'>qnos</span> <span class='ocrx_word' id='word_1_94' title='bbox 856 1381 895 1446; x_wconf 90' lang='lat' dir='ltr'>si,</span> 
     </span>
     <span class='ocr_line' id='line_1_15' title="bbox 107 1470 899 1548; baseline -0.009 -16"><span class='ocrx_word' id='word_1_95' title='bbox 107 1476 330 1548; x_wconf 74' lang='lat' dir='ltr'>quemadmodum</span> <span class='ocrx_word' id='word_1_96' title='bbox 341 1474 541 1546; x_wconf 79' lang='lat' dir='ltr'>praesumimus,</span> <span class='ocrx_word' id='word_1_97' title='bbox 552 1473 705 1529; x_wconf 89' lang='lat' dir='ltr'>serenitatis</span> <span class='ocrx_word' id='word_1_98' title='bbox 716 1486 812 1527; x_wconf 79' lang='lat' dir='ltr'>restrae</span> <span class='ocrx_word' id='word_1_99' title='bbox 823 1470 899 1526; x_wconf 78' lang='lat' dir='ltr'>rator</span> 
     </span>
     <span class='ocr_line' id='line_1_16' title="bbox 108 1564 898 1636; baseline -0.004 -16"><span class='ocrx_word' id='word_1_100' title='bbox 108 1568 239 1633; x_wconf 88' lang='lat' dir='ltr'>arriserit,</span> <span class='ocrx_word' id='word_1_101' title='bbox 254 1573 401 1624; x_wconf 84' lang='lat' dir='ltr'>secundnm</span> <span class='ocrx_word' id='word_1_102' title='bbox 415 1582 475 1636; x_wconf 81' lang='lat' dir='ltr'>quse</span> <span class='ocrx_word' id='word_1_103' title='bbox 488 1566 612 1620; x_wconf 86' lang='lat' dir='ltr'>mandata</span> <span class='ocrx_word' id='word_1_104' title='bbox 627 1575 700 1627; x_wconf 91' lang='lat' dir='ltr'>sunt,</span> <span class='ocrx_word' id='word_1_105' title='bbox 718 1564 898 1619; x_wconf 86' lang='lat' dir='ltr'>Ecclesiaruto</span> 
     </span>
     <span class='ocr_line' id='line_1_17' title="bbox 108 1653 899 1727; baseline -0.006 -16"><span class='ocrx_word' id='word_1_106' title='bbox 108 1657 270 1712; x_wconf 74' lang='lat' dir='ltr'>adunatione</span> <span class='ocrx_word' id='word_1_107' title='bbox 291 1656 473 1727; x_wconf 85' lang='lat' dir='ltr'>generalitatis</span> <span class='ocrx_word' id='word_1_108' title='bbox 497 1656 581 1726; x_wconf 78' lang='lat' dir='ltr'>possit</span> <span class='ocrx_word' id='word_1_109' title='bbox 604 1664 666 1709; x_wconf 87' lang='lat' dir='ltr'>rota</span> <span class='ocrx_word' id='word_1_110' title='bbox 689 1654 789 1708; x_wconf 82' lang='lat' dir='ltr'>itrmari</span> <span class='ocrx_word' id='word_1_111' title='bbox 811 1653 899 1722; x_wconf 88' lang='lat' dir='ltr'>(anuo</span> 
     </span>
     <span class='ocr_line' id='line_1_18' title="bbox 110 1747 302 1818; baseline -0.005 -15"><span class='ocrx_word' id='word_1_112' title='bbox 110 1747 215 1805; x_wconf 86' lang='lat' dir='ltr'>bomini</span> <span class='ocrx_word' id='word_1_113' title='bbox 229 1747 302 1818; x_wconf 83' lang='grc'><strong>519).</strong></span> 
     </span>
     <span class='ocr_line' id='line_1_19' title="bbox 352 1837 655 1895; baseline -0.01 -2"><span class='ocrx_word' id='word_1_114' title='bbox 352 1838 518 1895; x_wconf 71' lang='lat' dir='ltr'>epistota</span> <span class='ocrx_word' id='word_1_115' title='bbox 540 1837 655 1892; x_wconf 81' lang='lat' dir='ltr'>xxxttt.</span> 
     </span>
     <span class='ocr_line' id='line_1_20' title="bbox 297 1927 701 1985; baseline -0.005 -2"><span class='ocrx_word' id='word_1_116' title='bbox 297 1927 364 1984; x_wconf 82' lang='lat' dir='ltr'>¹’au</span> <span class='ocrx_word' id='word_1_117' title='bbox 383 1946 535 1985; x_wconf 80' lang='lat' dir='ltr'>aurursus</span> <span class='ocrx_word' id='word_1_118' title='bbox 555 1945 701 1985; x_wconf 85' lang='lat' dir='ltr'>tuousrttt.</span> 
     </span>
    </p>
   </div>
   <div class='ocr_carea' id='block_1_6' title="bbox 141 2019 868 2144">
    <p class='ocr_par' dir='ltr' id='par_1_6' title="bbox 141 2019 868 2144">
     <span class='ocr_line' id='line_1_21' title="bbox 141 2019 868 2144; baseline -0.008 -67"><span class='ocrx_word' id='word_1_119' title='bbox 141 2021 283 2094; x_wconf 71' lang='lat' dir='ltr'>Augustam</span> <span class='ocrx_word' id='word_1_120' title='bbox 293 2021 327 2073; x_wconf 89' lang='lat' dir='ltr'>ud</span> <span class='ocrx_word' id='word_1_121' title='bbox 341 2036 427 2090; x_wconf 87' lang='lat' dir='ltr'>pacem</span> <span class='ocrx_word' id='word_1_122' title='bbox 442 2019 563 2144; x_wconf 48' lang='lat' dir='ltr'>‘inceperim</span> <span class='ocrx_word' id='word_1_123' title='bbox 577 2021 759 2075; x_wconf 84' lang='lat' dir='ltr'>restituendum</span> <span class='ocrx_word' id='word_1_124' title='bbox 772 2019 868 2074; x_wconf 81' lang='lat' dir='ltr'>cobor-</span> 
     </span>
     <span class='ocr_line' id='line_1_22' title="bbox 472 2106 560 2144; baseline -0.023 0"><span class='ocrx_word' id='word_1_125' title='bbox 472 2107 488 2144; x_wconf 94' lang='lat' dir='ltr'>n</span> <span class='ocrx_word' id='word_1_126' title='bbox 508 2106 560 2144; x_wconf 93' lang='lat' dir='ltr'>ttut.</span> 
     </span>
    </p>
   </div>
   <div class='ocr_carea' id='block_1_7' title="bbox 111 2180 902 2979">
    <p class='ocr_par' dir='ltr' id='par_1_7' title="bbox 149 2180 609 2253">
     <span class='ocr_line' id='line_1_23' title="bbox 149 2180 609 2253; baseline -0.002 -17"><span class='ocrx_word' id='word_1_127' title='bbox 149 2180 287 2237; x_wconf 89' lang='lat' dir='ltr'>llormisda</span> <span class='ocrx_word' id='word_1_128' title='bbox 303 2181 459 2253; x_wconf 80' lang='lat' dir='ltr'>liupltcmitu</span> <span class='ocrx_word' id='word_1_129' title='bbox 473 2183 609 2249; x_wconf 78' lang='lat' dir='ltr'>Augustae.</span> 
     </span>
    </p>

    <p class='ocr_par' dir='ltr' id='par_1_8' title="bbox 111 2272 902 2979">
     <span class='ocr_line' id='line_1_24' title="bbox 148 2272 901 2342; baseline -0.009 -14"><span class='ocrx_word' id='word_1_130' title='bbox 148 2272 330 2328; x_wconf 80' lang='lat' dir='ltr'>Ecclesiarum</span> <span class='ocrx_word' id='word_1_131' title='bbox 352 2289 401 2342; x_wconf 87' lang='lat' dir='ltr'>par</span> <span class='ocrx_word' id='word_1_132' title='bbox 417 2273 470 2339; x_wconf 80' lang='lat' dir='ltr'>iam</span> <span class='ocrx_word' id='word_1_133' title='bbox 486 2273 588 2328; x_wconf 70' lang='lat' dir='ltr'>calesti</span> <span class='ocrx_word' id='word_1_134' title='bbox 608 2272 777 2327; x_wconf 90' lang='lat' dir='ltr'>ordinatione</span> <span class='ocrx_word' id='word_1_135' title='bbox 791 2284 901 2338; x_wconf 81' lang='lat' dir='ltr'>conspo-</span> 
     </span>
     <span class='ocr_line' id='line_1_25' title="bbox 111 2361 900 2434; baseline -0.008 -14"><span class='ocrx_word' id='word_1_136' title='bbox 111 2364 195 2434; x_wconf 88' lang='lat' dir='ltr'>tritur,</span> <span class='ocrx_word' id='word_1_137' title='bbox 208 2377 269 2418; x_wconf 89' lang='lat' dir='ltr'>cum</span> <span class='ocrx_word' id='word_1_138' title='bbox 282 2378 330 2417; x_wconf 89' lang='lat' dir='ltr'>ros</span> <span class='ocrx_word' id='word_1_139' title='bbox 346 2364 380 2417; x_wconf 91' lang='lat' dir='ltr'>ad</span> <span class='ocrx_word' id='word_1_140' title='bbox 396 2364 537 2434; x_wconf 75' lang='lat' dir='ltr'>importum</span> <span class='ocrx_word' id='word_1_141' title='bbox 552 2364 619 2417; x_wconf 87' lang='lat' dir='ltr'>Deus</span> <span class='ocrx_word' id='word_1_142' title='bbox 632 2362 728 2433; x_wconf 84' lang='lat' dir='ltr'>elegit,</span> <span class='ocrx_word' id='word_1_143' title='bbox 742 2361 812 2431; x_wconf 88' lang='lat' dir='ltr'>apud</span> <span class='ocrx_word' id='word_1_144' title='bbox 832 2375 900 2430; x_wconf 89' lang='lat' dir='ltr'>quos</span> 
     </span>
     <span class='ocr_line' id='line_1_26' title="bbox 111 2451 901 2526; baseline -0.004 -15"><span class='ocrx_word' id='word_1_145' title='bbox 111 2451 171 2511; x_wconf 85' lang='lat' dir='ltr'>esse</span> <span class='ocrx_word' id='word_1_146' title='bbox 191 2456 322 2524; x_wconf 87' lang='lat' dir='ltr'>integrum</span> <span class='ocrx_word' id='word_1_147' title='bbox 346 2470 452 2526; x_wconf 86' lang='lat' dir='ltr'>setnper</span> <span class='ocrx_word' id='word_1_148' title='bbox 473 2456 610 2526; x_wconf 90' lang='lat' dir='ltr'>re&#39;igionis</span> <span class='ocrx_word' id='word_1_149' title='bbox 628 2471 682 2510; x_wconf 70' lang='lat' dir='ltr'>suas</span> <span class='ocrx_word' id='word_1_150' title='bbox 697 2454 820 2523; x_wconf 84' lang='lat' dir='ltr'>cognorit</span> <span class='ocrx_word' id='word_1_151' title='bbox 838 2452 901 2508; x_wconf 83' lang='lat' dir='ltr'>alie-</span> 
     </span>
     <span class='ocr_line' id='line_1_27' title="bbox 112 2546 901 2615; baseline -0.003 -15"><span class='ocrx_word' id='word_1_152' title='bbox 112 2556 195 2601; x_wconf 85' lang='lat' dir='ltr'>ctuut.</span> <span class='ocrx_word' id='word_1_153' title='bbox 211 2546 276 2601; x_wconf 81' lang='lat' dir='ltr'>Nam</span> <span class='ocrx_word' id='word_1_154' title='bbox 298 2548 366 2601; x_wconf 86' lang='lat' dir='ltr'>sicut</span> <span class='ocrx_word' id='word_1_155' title='bbox 380 2548 405 2600; x_wconf 89' lang='lat' dir='ltr'>in</span> <span class='ocrx_word' id='word_1_156' title='bbox 422 2548 591 2614; x_wconf 73' lang='lat' dir='ltr'>pittantiis</span> <span class='ocrx_word' id='word_1_157' title='bbox 611 2546 692 2601; x_wconf 84' lang='lat' dir='ltr'>Deum</span> <span class='ocrx_word' id='word_1_158' title='bbox 707 2561 814 2615; x_wconf 90' lang='lat' dir='ltr'>semper</span> <span class='ocrx_word' id='word_1_159' title='bbox 825 2553 901 2610; x_wconf 77' lang='lat' dir='ltr'>pecto</span> 
     </span>
     <span class='ocr_line' id='line_1_28' title="bbox 113 2635 897 2708; baseline -0.001 -16"><span class='ocrx_word' id='word_1_160' title='bbox 113 2635 237 2705; x_wconf 89' lang='lat' dir='ltr'>dogmate</span> <span class='ocrx_word' id='word_1_161' title='bbox 250 2639 384 2704; x_wconf 85' lang='lat' dir='ltr'>coluistis,</span> <span class='ocrx_word' id='word_1_162' title='bbox 401 2649 429 2691; x_wconf 93' lang='lat' dir='ltr'>ut</span> <span class='ocrx_word' id='word_1_163' title='bbox 444 2639 478 2695; x_wconf 91' lang='lat' dir='ltr'>de</span> <span class='ocrx_word' id='word_1_164' title='bbox 493 2638 629 2708; x_wconf 75' lang='lat' dir='ltr'>religionis</span> <span class='ocrx_word' id='word_1_165' title='bbox 644 2638 785 2693; x_wconf 87' lang='lat' dir='ltr'>cottcordia</span> <span class='ocrx_word' id='word_1_166' title='bbox 801 2639 897 2706; x_wconf 73' lang='lat' dir='ltr'>cupita·</span> 
     </span>
     <span class='ocr_line' id='line_1_29' title="bbox 114 2727 901 2799; baseline -0.001 -16"><span class='ocrx_word' id='word_1_167' title='bbox 114 2727 197 2796; x_wconf 91' lang='lat' dir='ltr'>retis,</span> <span class='ocrx_word' id='word_1_168' title='bbox 212 2739 239 2783; x_wconf 93' lang='lat' dir='ltr'>et</span> <span class='ocrx_word' id='word_1_169' title='bbox 252 2730 334 2785; x_wconf 88' lang='lat' dir='ltr'>multa</span> <span class='ocrx_word' id='word_1_170' title='bbox 351 2731 459 2799; x_wconf 90' lang='lat' dir='ltr'>quidem</span> <span class='ocrx_word' id='word_1_171' title='bbox 472 2732 542 2785; x_wconf 91' lang='lat' dir='ltr'>intcr</span> <span class='ocrx_word' id='word_1_172' title='bbox 555 2731 610 2799; x_wconf 92' lang='lat' dir='ltr'>ipsa</span> <span class='ocrx_word' id='word_1_173' title='bbox 630 2730 734 2798; x_wconf 92' lang='lat' dir='ltr'>imperii</span> <span class='ocrx_word' id='word_1_174' title='bbox 754 2731 834 2783; x_wconf 76' lang='lat' dir='ltr'>uestri</span> <span class='ocrx_word' id='word_1_175' title='bbox 847 2729 901 2798; x_wconf 92' lang='lat' dir='ltr'>pri·</span> 
     </span>
     <span class='ocr_line' id='line_1_30' title="bbox 115 2816 902 2889; baseline 0 -18"><span class='ocrx_word' id='word_1_176' title='bbox 115 2816 220 2871; x_wconf 88' lang='lat' dir='ltr'>mordia</span> <span class='ocrx_word' id='word_1_177' title='bbox 232 2817 297 2873; x_wconf 83' lang='lat' dir='ltr'>lacta</span> <span class='ocrx_word' id='word_1_178' title='bbox 312 2831 384 2885; x_wconf 91' lang='lat' dir='ltr'>sum,</span> <span class='ocrx_word' id='word_1_179' title='bbox 399 2836 459 2889; x_wconf 84' lang='lat' dir='ltr'>qum</span> <span class='ocrx_word' id='word_1_180' title='bbox 470 2834 544 2887; x_wconf 80' lang='lat' dir='ltr'>spem</span> <span class='ocrx_word' id='word_1_181' title='bbox 561 2819 902 2874; x_wconf 85' lang='lat' dir='ltr'>nobiscorrectinnisiute-</span> 
     </span>
     <span class='ocr_line' id='line_1_31' title="bbox 114 2907 901 2979; baseline 0.003 -18"><span class='ocrx_word' id='word_1_182' title='bbox 114 2921 171 2976; x_wconf 77' lang='lat' dir='ltr'>gru</span> <span class='ocrx_word' id='word_1_183' title='bbox 185 2907 351 2975; x_wconf 84' lang='lat' dir='ltr'>pollicentur.</span> <span class='ocrx_word' id='word_1_184' title='bbox 367 2910 443 2965; x_wconf 83' lang='lat' dir='ltr'>llude</span> <span class='ocrx_word' id='word_1_185' title='bbox 454 2911 514 2979; x_wconf 90' lang='lat' dir='ltr'>quia</span> <span class='ocrx_word' id='word_1_186' title='bbox 537 2911 563 2963; x_wconf 90' lang='lat' dir='ltr'>iu</span> <span class='ocrx_word' id='word_1_187' title='bbox 578 2910 654 2965; x_wconf 89' lang='lat' dir='ltr'>robis</span> <span class='ocrx_word' id='word_1_188' title='bbox 666 2924 784 2966; x_wconf 89' lang='lat' dir='ltr'>autorem</span> <span class='ocrx_word' id='word_1_189' title='bbox 799 2909 901 2963; x_wconf 84' lang='lat' dir='ltr'>terrere</span> 
     </span>
    </p>
   </div>
   <div class='ocr_carea' id='block_1_8' title="bbox 946 561 1737 997">
    <p class='ocr_par' dir='ltr' id='par_1_9' title="bbox 946 561 1737 997">
     <span class='ocr_line' id='line_1_32' title="bbox 947 561 1737 634; baseline 0.011 -23"><span class='ocrx_word' id='word_1_190' title='bbox 947 562 1036 622; x_wconf 86' lang='lat' dir='ltr'>lessio,</span> <span class='ocrx_word' id='word_1_191' title='bbox 1050 561 1092 615; x_wconf 90' lang='lat' dir='ltr'>cni</span> <span class='ocrx_word' id='word_1_192' title='bbox 1106 561 1180 616; x_wconf 87' lang='lat' dir='ltr'>deest</span> <span class='ocrx_word' id='word_1_193' title='bbox 1193 561 1252 616; x_wconf 89' lang='lat' dir='ltr'>lidui</span> <span class='ocrx_word' id='word_1_194' title='bbox 1267 561 1412 631; x_wconf 80' lang='lat' dir='ltr'>plenitudo.</span> <span class='ocrx_word' id='word_1_195' title='bbox 1429 563 1484 617; x_wconf 84' lang='lat' dir='ltr'>linc</span> <span class='ocrx_word' id='word_1_196' title='bbox 1497 564 1569 618; x_wconf 87' lang='lat' dir='ltr'>eninr</span> <span class='ocrx_word' id='word_1_197' title='bbox 1582 564 1652 634; x_wconf 89' lang='lat' dir='ltr'>quud</span> <span class='ocrx_word' id='word_1_198' title='bbox 1666 579 1681 618; x_wconf 87' lang='lat' dir='ltr'>a</span> <span class='ocrx_word' id='word_1_199' title='bbox 1693 578 1737 620; x_wconf 88' lang='lat' dir='ltr'>re·</span> 
     </span>
     <span class='ocr_line' id='line_1_33' title="bbox 947 654 1737 724; baseline 0.004 -18"><span class='ocrx_word' id='word_1_200' title='bbox 947 655 1025 722; x_wconf 89' lang='lat' dir='ltr'>liquis</span> <span class='ocrx_word' id='word_1_201' title='bbox 1046 655 1102 708; x_wconf 85' lang='lat' dir='ltr'>lteri</span> <span class='ocrx_word' id='word_1_202' title='bbox 1124 656 1308 723; x_wconf 89' lang='lat' dir='ltr'>poposcimus,</span> <span class='ocrx_word' id='word_1_203' title='bbox 1331 655 1455 709; x_wconf 86' lang='lat' dir='ltr'>amultis</span> <span class='ocrx_word' id='word_1_204' title='bbox 1474 654 1529 724; x_wconf 83' lang='lat' dir='ltr'>jaro</span> <span class='ocrx_word' id='word_1_205' title='bbox 1552 655 1737 711; x_wconf 88' lang='lat' dir='ltr'>sacerdotibus</span> 
     </span>
     <span class='ocr_line' id='line_1_34' title="bbox 946 746 1737 813; baseline 0.004 -13"><span class='ocrx_word' id='word_1_206' title='bbox 946 755 1050 800; x_wconf 74' lang='lat' dir='ltr'>connotat</span> <span class='ocrx_word' id='word_1_207' title='bbox 1060 746 1184 800; x_wconf 87' lang='lat' dir='ltr'>ellectum</span> <span class='ocrx_word' id='word_1_208' title='bbox 1197 763 1204 799; x_wconf 90' lang='lat'>:</span> <span class='ocrx_word' id='word_1_209' title='bbox 1216 756 1243 801; x_wconf 91' lang='lat' dir='ltr'>et</span> <span class='ocrx_word' id='word_1_210' title='bbox 1255 748 1343 799; x_wconf 87' lang='lat' dir='ltr'>unitas</span> <span class='ocrx_word' id='word_1_211' title='bbox 1356 761 1415 801; x_wconf 80' lang='lat' dir='ltr'>usse</span> <span class='ocrx_word' id='word_1_212' title='bbox 1426 747 1496 813; x_wconf 73' lang='lat' dir='ltr'>justa</span> <span class='ocrx_word' id='word_1_213' title='bbox 1511 746 1537 799; x_wconf 92' lang='lat' dir='ltr'>in</span> <span class='ocrx_word' id='word_1_214' title='bbox 1549 747 1737 803; x_wconf 83' lang='lat' dir='ltr'>communione</span> 
     </span>
     <span class='ocr_line' id='line_1_35' title="bbox 947 837 1737 909; baseline 0.003 -19"><span class='ocrx_word' id='word_1_215' title='bbox 947 853 1000 890; x_wconf 90' lang='lat' dir='ltr'>noo</span> <span class='ocrx_word' id='word_1_216' title='bbox 1017 839 1130 901; x_wconf 83' lang='lat' dir='ltr'>poturit,</span> <span class='ocrx_word' id='word_1_217' title='bbox 1145 838 1166 891; x_wconf 89' lang='lat' dir='ltr'>si</span> <span class='ocrx_word' id='word_1_218' title='bbox 1182 853 1234 890; x_wconf 94' lang='lat' dir='ltr'>uon</span> <span class='ocrx_word' id='word_1_219' title='bbox 1247 837 1326 891; x_wconf 90' lang='lat' dir='ltr'>luerit</span> <span class='ocrx_word' id='word_1_220' title='bbox 1335 837 1360 890; x_wconf 93' lang='lat' dir='ltr'>in</span> <span class='ocrx_word' id='word_1_221' title='bbox 1372 837 1526 893; x_wconf 76' lang='lat' dir='ltr'>assensione</span> <span class='ocrx_word' id='word_1_222' title='bbox 1537 846 1641 893; x_wconf 84' lang='lat' dir='ltr'>serrata</span> <span class='ocrx_word' id='word_1_223' title='bbox 1653 837 1737 909; x_wconf 85' lang='lat' dir='ltr'>(auno</span> 
     </span>
     <span class='ocr_line' id='line_1_36' title="bbox 948 926 1144 997; baseline 0.015 -17"><span class='ocrx_word' id='word_1_224' title='bbox 948 926 1053 981; x_wconf 82' lang='lat' dir='ltr'>bantini</span> <span class='ocrx_word' id='word_1_225' title='bbox 1068 927 1144 997; x_wconf 78' lang='grc'><strong>519).</strong></span> 
     </span>
    </p>
   </div>
   <div class='ocr_carea' id='block_1_9' title="bbox 1191 1016 1497 1074">
    <p class='ocr_par' dir='ltr' id='par_1_10' title="bbox 1191 1016 1497 1074">
     <span class='ocr_line' id='line_1_37' title="bbox 1191 1016 1497 1074; baseline 0.007 -2"><span class='ocrx_word' id='word_1_226' title='bbox 1191 1019 1356 1074; x_wconf 74' lang='lat' dir='ltr'>lIPlSTOLA</span> <span class='ocrx_word' id='word_1_227' title='bbox 1378 1016 1497 1074; x_wconf 69' lang='lat' dir='ltr'>xxxiv.</span> 
     </span>
    </p>
   </div>
   <div class='ocr_carea' id='block_1_10' title="bbox 996 1123 1685 1165">
    <p class='ocr_par' dir='ltr' id='par_1_11' title="bbox 996 1123 1685 1165">
     <span class='ocr_line' id='line_1_38' title="bbox 996 1123 1685 1165; baseline -0.001 -2"><span class='ocrx_word' id='word_1_228' title='bbox 996 1126 1030 1164; x_wconf 86' lang='lat' dir='ltr'>au</span> <span class='ocrx_word' id='word_1_229' title='bbox 1047 1125 1166 1164; x_wconf 73' lang='lat' dir='ltr'>tuassstt</span> <span class='ocrx_word' id='word_1_230' title='bbox 1184 1124 1513 1165; x_wconf 67' lang='lat' dir='ltr'>CbNSTANTlNOPOLlTANU!</span> <span class='ocrx_word' id='word_1_231' title='bbox 1532 1123 1685 1164; x_wconf 67' lang='lat' dir='ltr'>serstorum</span> 
     </span>
    </p>
   </div>
   <div class='ocr_carea' id='block_1_11' title="bbox 948 1197 1744 1341">
    <p class='ocr_par' dir='ltr' id='par_1_12' title="bbox 948 1197 1744 1341">
     <span class='ocr_line' id='line_1_39' title="bbox 948 1197 1744 1270; baseline 0 -18"><span class='ocrx_word' id='word_1_232' title='bbox 948 1201 1068 1254; x_wconf 77' lang='lat' dir='ltr'>Acacium</span> <span class='ocrx_word' id='word_1_233' title='bbox 1085 1200 1277 1267; x_wconf 83' lang='lat' dir='ltr'>damnandum,</span> <span class='ocrx_word' id='word_1_234' title='bbox 1296 1209 1321 1254; x_wconf 87' lang='lat' dir='ltr'>et</span> <span class='ocrx_word' id='word_1_235' title='bbox 1338 1202 1366 1254; x_wconf 87' lang='lat' dir='ltr'>t&#39;n</span> <span class='ocrx_word' id='word_1_236' title='bbox 1384 1197 1525 1270; x_wconf 71' lang='lat' dir='ltr'>depasturum</span> <span class='ocrx_word' id='word_1_237' title='bbox 1542 1199 1657 1254; x_wconf 85' lang='lat' dir='ltr'>monibus</span> <span class='ocrx_word' id='word_1_238' title='bbox 1676 1198 1744 1267; x_wconf 80' lang='lat' dir='ltr'>fideti</span> 
     </span>
     <span class='ocr_line' id='line_1_40' title="bbox 1156 1270 1528 1341; baseline 0.005 -19"><span class='ocrx_word' id='word_1_239' title='bbox 1156 1271 1339 1341; x_wconf 70' lang='lat' dir='ltr'>professionem</span> <span class='ocrx_word' id='word_1_240' title='bbox 1354 1270 1528 1325; x_wconf 78' lang='lat' dir='ltr'>emittendam.</span> 
     </span>
    </p>
   </div>
   <div class='ocr_carea' id='block_1_12' title="bbox 949 1358 1752 1797">
    <p class='ocr_par' dir='ltr' id='par_1_13' title="bbox 984 1358 1695 1429">
     <span class='ocr_line' id='line_1_41' title="bbox 984 1358 1695 1429; baseline -0.004 -16"><span class='ocrx_word' id='word_1_241' title='bbox 984 1360 1122 1414; x_wconf 85' lang='lat' dir='ltr'>llorutisdu</span> <span class='ocrx_word' id='word_1_242' title='bbox 1136 1359 1231 1416; x_wconf 82' lang='lat' dir='ltr'>luantti</span> <span class='ocrx_word' id='word_1_243' title='bbox 1242 1360 1370 1429; x_wconf 89' lang='lat' dir='ltr'>episcopo</span> <span class='ocrx_word' id='word_1_244' title='bbox 1383 1358 1695 1426; x_wconf 79' lang='lat' dir='ltr'>Constantinopolitano..</span> 
     </span>
    </p>

    <p class='ocr_par' dir='ltr' id='par_1_14' title="bbox 949 1441 1752 1797">
     <span class='ocr_line' id='line_1_42' title="bbox 985 1441 1748 1522; baseline -0.003 -17"><span class='ocrx_word' id='word_1_245' title='bbox 985 1451 1160 1507; x_wconf 86' lang='lat' dir='ltr'>lleddidituus</span> <span class='ocrx_word' id='word_1_246' title='bbox 1170 1453 1296 1522; x_wconf 90' lang='lat' dir='ltr'>quidem,</span> <span class='ocrx_word' id='word_1_247' title='bbox 1311 1452 1404 1515; x_wconf 89' lang='lat' dir='ltr'>lrater,</span> <span class='ocrx_word' id='word_1_248' title='bbox 1418 1466 1564 1520; x_wconf 89' lang='lat' dir='ltr'>congruum</span> <span class='ocrx_word' id='word_1_249' title='bbox 1578 1441 1672 1505; x_wconf 82' lang='lat' dir='ltr'>litteris</span> <span class='ocrx_word' id='word_1_250' title='bbox 1685 1450 1748 1505; x_wconf 85' lang='lat' dir='ltr'>tuis·</span> 
     </span>
     <span class='ocr_line' id='line_1_43' title="bbox 949 1539 1752 1612; baseline -0.012 -14"><span class='ocrx_word' id='word_1_251' title='bbox 949 1544 999 1598; x_wconf 87' lang='lat' dir='ltr'>sub</span> <span class='ocrx_word' id='word_1_252' title='bbox 1014 1542 1196 1598; x_wconf 87' lang='lat' dir='ltr'>ecclesiastica</span> <span class='ocrx_word' id='word_1_253' title='bbox 1210 1543 1331 1597; x_wconf 87' lang='lat' dir='ltr'>libertate</span> <span class='ocrx_word' id='word_1_254' title='bbox 1346 1557 1520 1612; x_wconf 66' lang='lat' dir='ltr'>responsum</span> <span class='ocrx_word' id='word_1_255' title='bbox 1540 1539 1643 1611; x_wconf 88' lang='lat' dir='ltr'>etquid</span> <span class='ocrx_word' id='word_1_256' title='bbox 1655 1539 1682 1594; x_wconf 92' lang='lat' dir='ltr'>iu</span> <span class='ocrx_word' id='word_1_257' title='bbox 1696 1540 1752 1596; x_wconf 88' lang='lat' dir='ltr'>bis.</span> 
     </span>
     <span class='ocr_line' id='line_1_44' title="bbox 949 1630 1739 1703; baseline -0.003 -17"><span class='ocrx_word' id='word_1_258' title='bbox 949 1633 1127 1703; x_wconf 88' lang='lat' dir='ltr'>congratulati</span> <span class='ocrx_word' id='word_1_259' title='bbox 1154 1633 1282 1688; x_wconf 79' lang='lat' dir='ltr'>fuerimus</span> <span class='ocrx_word' id='word_1_260' title='bbox 1307 1634 1452 1696; x_wconf 87' lang='lat' dir='ltr'>insertum,</span> <span class='ocrx_word' id='word_1_261' title='bbox 1482 1632 1527 1702; x_wconf 94' lang='lat' dir='ltr'>qui</span> <span class='ocrx_word' id='word_1_262' title='bbox 1558 1630 1739 1687; x_wconf 81' lang='lat' dir='ltr'>taciturnitate</span> 
     </span>
     <span class='ocr_line' id='line_1_45' title="bbox 950 1725 1738 1797; baseline -0.006 -13"><span class='ocrx_word' id='word_1_263' title='bbox 950 1728 1129 1797; x_wconf 83' lang='lat' dir='ltr'>praeteritum,</span> <span class='ocrx_word' id='word_1_264' title='bbox 1144 1727 1283 1783; x_wconf 84' lang='lat' dir='ltr'>euidenter</span> <span class='ocrx_word' id='word_1_265' title='bbox 1296 1727 1488 1795; x_wconf 78' lang='lat' dir='ltr'>expressimus.</span> <span class='ocrx_word' id='word_1_266' title='bbox 1503 1727 1541 1781; x_wconf 82' lang='lat' dir='ltr'>sc</span> <span class='ocrx_word' id='word_1_267' title='bbox 1564 1725 1625 1781; x_wconf 90' lang='lat' dir='ltr'>licet</span> <span class='ocrx_word' id='word_1_268' title='bbox 1642 1733 1738 1780; x_wconf 82' lang='lat' dir='ltr'>cuncta</span> 
     </span>
    </p>
   </div>
   <div class='ocr_carea' id='block_1_13' title="bbox 915 1812 1737 1888">
    <p class='ocr_par' dir='ltr' id='par_1_15' title="bbox 915 1812 1737 1888">
     <span class='ocr_line' id='line_1_46' title="bbox 915 1812 1737 1888; baseline -0.012 -12"><span class='ocrx_word' id='word_1_269' title='bbox 915 1822 1072 1888; x_wconf 74' lang='lat' dir='ltr'>pseustius</span> <span class='ocrx_word' id='word_1_270' title='bbox 1087 1822 1139 1875; x_wconf 90' lang='lat' dir='ltr'>tuis</span> <span class='ocrx_word' id='word_1_271' title='bbox 1154 1834 1223 1875; x_wconf 91' lang='lat' dir='ltr'>uunc</span> <span class='ocrx_word' id='word_1_272' title='bbox 1239 1820 1334 1874; x_wconf 90' lang='lat' dir='ltr'>crebra</span> <span class='ocrx_word' id='word_1_273' title='bbox 1354 1817 1469 1887; x_wconf 90' lang='lat' dir='ltr'>legatio,</span> <span class='ocrx_word' id='word_1_274' title='bbox 1489 1829 1560 1872; x_wconf 90' lang='lat' dir='ltr'>uunc</span> <span class='ocrx_word' id='word_1_275' title='bbox 1573 1829 1621 1869; x_wconf 91' lang='lat' dir='ltr'>usu</span> <span class='ocrx_word' id='word_1_276' title='bbox 1636 1815 1663 1869; x_wconf 93' lang='lat' dir='ltr'>iu</span> <span class='ocrx_word' id='word_1_277' title='bbox 1685 1812 1737 1868; x_wconf 77' lang='lat' dir='ltr'>Ec·</span> 
     </span>
    </p>
   </div>
   <div class='ocr_carea' id='block_1_14' title="bbox 948 1904 1747 2164">
    <p class='ocr_par' dir='ltr' id='par_1_16' title="bbox 948 1904 1747 2164">
     <span class='ocr_line' id='line_1_47' title="bbox 950 1904 1737 1969; baseline -0.013 -1"><span class='ocrx_word' id='word_1_278' title='bbox 950 1913 1031 1969; x_wconf 85' lang='lat' dir='ltr'>clesia</span> <span class='ocrx_word' id='word_1_279' title='bbox 1040 1914 1172 1967; x_wconf 84' lang='lat' dir='ltr'>diutumae</span> <span class='ocrx_word' id='word_1_280' title='bbox 1182 1909 1392 1966; x_wconf 83' lang='lat' dir='ltr'>comessationis</span> <span class='ocrx_word' id='word_1_281' title='bbox 1403 1917 1454 1963; x_wconf 79' lang='lat' dir='ltr'>tua</span> <span class='ocrx_word' id='word_1_282' title='bbox 1464 1914 1582 1962; x_wconf 80' lang='lat' dir='ltr'>uetustas</span> <span class='ocrx_word' id='word_1_283' title='bbox 1592 1904 1737 1968; x_wconf 90' lang='lat' dir='ltr'>inludcrit,</span> 
     </span>
     <span class='ocr_line' id='line_1_48' title="bbox 948 1993 1739 2073; baseline -0.008 -16"><span class='ocrx_word' id='word_1_284' title='bbox 948 2003 1023 2073; x_wconf 81' lang='lat' dir='ltr'>jurat</span> <span class='ocrx_word' id='word_1_285' title='bbox 1043 2013 1130 2057; x_wconf 86' lang='lat' dir='ltr'>tamen</span> <span class='ocrx_word' id='word_1_286' title='bbox 1154 2000 1242 2057; x_wconf 91' lang='lat' dir='ltr'>adltuc</span> <span class='ocrx_word' id='word_1_287' title='bbox 1261 2000 1340 2055; x_wconf 87' lang='lat' dir='ltr'>latius</span> <span class='ocrx_word' id='word_1_288' title='bbox 1354 1998 1460 2070; x_wconf 86' lang='lat' dir='ltr'>aperire</span> <span class='ocrx_word' id='word_1_289' title='bbox 1482 2006 1604 2052; x_wconf 89' lang='lat' dir='ltr'>nostrum</span> <span class='ocrx_word' id='word_1_290' title='bbox 1627 1993 1739 2065; x_wconf 87' lang='lat' dir='ltr'>repetita</span> 
     </span>
     <span class='ocr_line' id='line_1_49' title="bbox 950 2087 1747 2164; baseline -0.01 -15"><span class='ocrx_word' id='word_1_291' title='bbox 950 2097 1052 2149; x_wconf 90' lang='lat' dir='ltr'>ratione</span> <span class='ocrx_word' id='word_1_292' title='bbox 1066 2093 1207 2149; x_wconf 87' lang='lat' dir='ltr'>consilium</span> <span class='ocrx_word' id='word_1_293' title='bbox 1224 2109 1230 2146; x_wconf 82' lang='grc' dir='ltr'>ι</span> <span class='ocrx_word' id='word_1_294' title='bbox 1246 2094 1308 2164; x_wconf 90' lang='lat' dir='ltr'>quia</span> <span class='ocrx_word' id='word_1_295' title='bbox 1323 2102 1386 2147; x_wconf 85' lang='lat' dir='ltr'>tunc</span> <span class='ocrx_word' id='word_1_296' title='bbox 1398 2091 1467 2146; x_wconf 90' lang='lat' dir='ltr'>bene</span> <span class='ocrx_word' id='word_1_297' title='bbox 1489 2089 1522 2144; x_wconf 89' lang='lat' dir='ltr'>de</span> <span class='ocrx_word' id='word_1_298' title='bbox 1536 2088 1598 2144; x_wconf 87' lang='lat' dir='ltr'>iidei</span> <span class='ocrx_word' id='word_1_299' title='bbox 1614 2087 1747 2142; x_wconf 86' lang='lat' dir='ltr'>llrmitate-</span> 
     </span>
    </p>
   </div>
   <div class='ocr_carea' id='block_1_15' title="bbox 951 2175 1831 2254">
    <p class='ocr_par' dir='ltr' id='par_1_17' title="bbox 951 2175 1831 2254">
     <span class='ocr_line' id='line_1_50' title="bbox 951 2175 1831 2254; baseline -0.009 -16"><span class='ocrx_word' id='word_1_300' title='bbox 951 2185 1102 2246; x_wconf 85' lang='lat' dir='ltr'>disseritur,</span> <span class='ocrx_word' id='word_1_301' title='bbox 1129 2183 1236 2254; x_wconf 91' lang='lat' dir='ltr'>quando</span> <span class='ocrx_word' id='word_1_302' title='bbox 1261 2183 1427 2252; x_wconf 80' lang='lat' dir='ltr'>simplicibus</span> <span class='ocrx_word' id='word_1_303' title='bbox 1453 2179 1543 2235; x_wconf 90' lang='lat' dir='ltr'>rerbis</span> <span class='ocrx_word' id='word_1_304' title='bbox 1566 2175 1739 2233; x_wconf 79' lang='lat' dir='ltr'>concilianda</span> <span class='ocrx_word' id='word_1_305' title='bbox 1826 2203 1831 2211; x_wconf 76' lang='lat'>=</span> 
     </span>
    </p>
   </div>
   <div class='ocr_carea' id='block_1_16' title="bbox 951 2268 1748 2964">
    <p class='ocr_par' dir='ltr' id='par_1_18' title="bbox 951 2268 1748 2964">
     <span class='ocr_line' id='line_1_51' title="bbox 951 2268 1748 2346; baseline -0.011 -13"><span class='ocrx_word' id='word_1_306' title='bbox 951 2277 1026 2346; x_wconf 83' lang='lat' dir='ltr'>pacis</span> <span class='ocrx_word' id='word_1_307' title='bbox 1038 2274 1170 2344; x_wconf 87' lang='lat' dir='ltr'>cupiditas</span> <span class='ocrx_word' id='word_1_308' title='bbox 1183 2274 1342 2343; x_wconf 78' lang='lat' dir='ltr'>explicatur.</span> <span class='ocrx_word' id='word_1_309' title='bbox 1354 2272 1491 2330; x_wconf 82' lang='lat' dir='ltr'>Desideria</span> <span class='ocrx_word' id='word_1_310' title='bbox 1503 2271 1600 2340; x_wconf 89' lang='lat' dir='ltr'>quippe</span> <span class='ocrx_word' id='word_1_311' title='bbox 1612 2277 1667 2335; x_wconf 89' lang='lat' dir='ltr'>tua,</span> <span class='ocrx_word' id='word_1_312' title='bbox 1677 2268 1748 2339; x_wconf 54' lang='lat' dir='ltr'>qui*</span> 
     </span>
     <span class='ocr_line' id='line_1_52' title="bbox 952 2363 1739 2424; baseline -0.01 -1"><span class='ocrx_word' id='word_1_313' title='bbox 952 2368 1002 2423; x_wconf 89' lang='lat' dir='ltr'>bus</span> <span class='ocrx_word' id='word_1_314' title='bbox 1017 2380 1043 2424; x_wconf 91' lang='lat' dir='ltr'>te</span> <span class='ocrx_word' id='word_1_315' title='bbox 1063 2368 1096 2422; x_wconf 91' lang='lat' dir='ltr'>ad</span> <span class='ocrx_word' id='word_1_316' title='bbox 1115 2367 1324 2424; x_wconf 85' lang='lat' dir='ltr'>ecclesiasticam</span> <span class='ocrx_word' id='word_1_317' title='bbox 1349 2365 1455 2421; x_wconf 89' lang='lat' dir='ltr'>testaris</span> <span class='ocrx_word' id='word_1_318' title='bbox 1480 2363 1606 2419; x_wconf 73' lang='lat' dir='ltr'>festinare</span> <span class='ocrx_word' id='word_1_319' title='bbox 1626 2375 1739 2416; x_wconf 88' lang='lat' dir='ltr'>concor·</span> 
     </span>
     <span class='ocr_line' id='line_1_53' title="bbox 952 2454 1740 2527; baseline -0.008 -15"><span class='ocrx_word' id='word_1_320' title='bbox 952 2459 1034 2526; x_wconf 89' lang='lat' dir='ltr'>diam,</span> <span class='ocrx_word' id='word_1_321' title='bbox 1047 2468 1075 2511; x_wconf 94' lang='lat' dir='ltr'>ut</span> <span class='ocrx_word' id='word_1_322' title='bbox 1086 2457 1213 2512; x_wconf 90' lang='lat' dir='ltr'>baberent</span> <span class='ocrx_word' id='word_1_323' title='bbox 1226 2467 1314 2525; x_wconf 88' lang='lat' dir='ltr'>partes</span> <span class='ocrx_word' id='word_1_324' title='bbox 1327 2456 1380 2511; x_wconf 80' lang='lat' dir='ltr'>illae</span> <span class='ocrx_word' id='word_1_325' title='bbox 1391 2470 1498 2527; x_wconf 87' lang='lat' dir='ltr'>semper</span> <span class='ocrx_word' id='word_1_326' title='bbox 1511 2454 1674 2522; x_wconf 69' lang='lat' dir='ltr'>optavimus:</span> <span class='ocrx_word' id='word_1_327' title='bbox 1690 2465 1740 2508; x_wconf 91' lang='lat' dir='ltr'>nec</span> 
     </span>
     <span class='ocr_line' id='line_1_54' title="bbox 952 2541 1740 2612; baseline -0.008 -10"><span class='ocrx_word' id='word_1_328' title='bbox 952 2549 1007 2603; x_wconf 79' lang='lat' dir='ltr'>suin</span> <span class='ocrx_word' id='word_1_329' title='bbox 1023 2556 1144 2603; x_wconf 82' lang='lat' dir='ltr'>notorum</span> <span class='ocrx_word' id='word_1_330' title='bbox 1158 2547 1305 2603; x_wconf 83' lang='lat' dir='ltr'>ambitione</span> <span class='ocrx_word' id='word_1_331' title='bbox 1319 2547 1448 2611; x_wconf 88' lang='lat' dir='ltr'>contenti,</span> <span class='ocrx_word' id='word_1_332' title='bbox 1464 2546 1505 2600; x_wconf 91' lang='lat' dir='ltr'>usi</span> <span class='ocrx_word' id='word_1_333' title='bbox 1519 2545 1599 2600; x_wconf 86' lang='lat' dir='ltr'>etiarn</span> <span class='ocrx_word' id='word_1_334' title='bbox 1616 2541 1740 2612; x_wconf 90' lang='lat' dir='ltr'>precibus</span> 
     </span>
     <span class='ocr_line' id='line_1_55' title="bbox 952 2634 1739 2694; baseline -0.006 -1"><span class='ocrx_word' id='word_1_335' title='bbox 952 2653 1055 2694; x_wconf 89' lang='lat' dir='ltr'>snmus.</span> <span class='ocrx_word' id='word_1_336' title='bbox 1066 2638 1161 2693; x_wconf 89' lang='lat' dir='ltr'>llestrn</span> <span class='ocrx_word' id='word_1_337' title='bbox 1172 2646 1234 2692; x_wconf 92' lang='lat' dir='ltr'>sunt</span> <span class='ocrx_word' id='word_1_338' title='bbox 1245 2639 1302 2692; x_wconf 82' lang='lat' dir='ltr'>baec</span> <span class='ocrx_word' id='word_1_339' title='bbox 1312 2646 1339 2692; x_wconf 91' lang='lat' dir='ltr'>ct</span> <span class='ocrx_word' id='word_1_340' title='bbox 1348 2636 1438 2692; x_wconf 90' lang='lat' dir='ltr'>muudi</span> <span class='ocrx_word' id='word_1_341' title='bbox 1453 2634 1605 2691; x_wconf 87' lang='lat' dir='ltr'>testiutottlo</span> <span class='ocrx_word' id='word_1_342' title='bbox 1617 2635 1739 2690; x_wconf 80' lang='lat' dir='ltr'>ruituram</span> 
     </span>
     <span class='ocr_line' id='line_1_56' title="bbox 952 2723 1740 2798; baseline -0.005 -16"><span class='ocrx_word' id='word_1_343' title='bbox 952 2743 1012 2795; x_wconf 78' lang='lat' dir='ltr'>tpttte</span> <span class='ocrx_word' id='word_1_344' title='bbox 1025 2728 1179 2798; x_wconf 90' lang='lat' dir='ltr'>loquimur:</span> <span class='ocrx_word' id='word_1_345' title='bbox 1195 2728 1256 2797; x_wconf 89' lang='lat' dir='ltr'>quia</span> <span class='ocrx_word' id='word_1_346' title='bbox 1276 2736 1304 2780; x_wconf 94' lang='lat' dir='ltr'>ut</span> <span class='ocrx_word' id='word_1_347' title='bbox 1324 2727 1465 2780; x_wconf 81' lang='lat' dir='ltr'>catltolicoe</span> <span class='ocrx_word' id='word_1_348' title='bbox 1481 2725 1589 2780; x_wconf 86' lang='lat' dir='ltr'>unitatis</span> <span class='ocrx_word' id='word_1_349' title='bbox 1608 2723 1740 2792; x_wconf 85' lang='lat' dir='ltr'>reparatio</span> 
     </span>
     <span class='ocr_line' id='line_1_57' title="bbox 953 2816 1739 2885; baseline -0.006 -13"><span class='ocrx_word' id='word_1_350' title='bbox 953 2821 1013 2883; x_wconf 86' lang='lat' dir='ltr'>tlat,</span> <span class='ocrx_word' id='word_1_351' title='bbox 1035 2821 1219 2875; x_wconf 86' lang='lat' dir='ltr'>auctoritatem</span> <span class='ocrx_word' id='word_1_352' title='bbox 1234 2829 1350 2872; x_wconf 91' lang='lat' dir='ltr'>nostram</span> <span class='ocrx_word' id='word_1_353' title='bbox 1372 2818 1526 2885; x_wconf 88' lang='lat' dir='ltr'>integritate</span> <span class='ocrx_word' id='word_1_354' title='bbox 1549 2816 1739 2871; x_wconf 81' lang='lat' dir='ltr'>submittimus.</span> 
     </span>
     <span class='ocr_line' id='line_1_58' title="bbox 954 2903 1747 2964; baseline -0.004 -3"><span class='ocrx_word' id='word_1_355' title='bbox 954 2908 1064 2963; x_wconf 88' lang='lat' dir='ltr'>inclinet</span> <span class='ocrx_word' id='word_1_356' title='bbox 1078 2909 1242 2964; x_wconf 89' lang='lat' dir='ltr'>orationibus</span> <span class='ocrx_word' id='word_1_357' title='bbox 1256 2907 1355 2962; x_wconf 87' lang='lat' dir='ltr'>nostris</span> <span class='ocrx_word' id='word_1_358' title='bbox 1376 2921 1468 2961; x_wconf 87' lang='lat' dir='ltr'>aurem</span> <span class='ocrx_word' id='word_1_359' title='bbox 1488 2920 1561 2960; x_wconf 90' lang='lat' dir='ltr'>suam</span> <span class='ocrx_word' id='word_1_360' title='bbox 1581 2905 1669 2959; x_wconf 82' lang='lat' dir='ltr'>divina</span> <span class='ocrx_word' id='word_1_361' title='bbox 1690 2903 1747 2958; x_wconf 89' lang='lat' dir='ltr'>mi·-</span> 
     </span>
    </p>
   </div>
   <div class='ocr_carea' id='block_1_17' title="bbox 113 2993 1740 3250">
    <p class='ocr_par' dir='ltr' id='par_1_19' title="bbox 113 2993 1740 3250">
     <span class='ocr_line' id='line_1_59' title="bbox 114 2993 1740 3070; baseline -0.002 -20"><span class='ocrx_word' id='word_1_362' title='bbox 114 2996 177 3054; x_wconf 88' lang='lat' dir='ltr'>lldei</span> <span class='ocrx_word' id='word_1_363' title='bbox 197 3001 370 3068; x_wconf 86' lang='lat' dir='ltr'>gratulamur,</span> <span class='ocrx_word' id='word_1_364' title='bbox 386 3009 497 3069; x_wconf 77' lang='lat' dir='ltr'>agentes</span> <span class='ocrx_word' id='word_1_365' title='bbox 512 3001 566 3055; x_wconf 85' lang='lat' dir='ltr'>beo</span> <span class='ocrx_word' id='word_1_366' title='bbox 589 3002 704 3070; x_wconf 84' lang='lat' dir='ltr'>gratias,</span> <span class='ocrx_word' id='word_1_367' title='bbox 719 3000 839 3066; x_wconf 85' lang='lat' dir='ltr'>quotidie</span> <span class='ocrx_word' id='word_1_368' title='bbox 853 3015 902 3070; x_wconf 86' lang='lat' dir='ltr'>pro</span> <span class='ocrx_word' id='word_1_369' title='bbox 953 3000 1064 3066; x_wconf 86' lang='lat' dir='ltr'>serario,</span> <span class='ocrx_word' id='word_1_370' title='bbox 1080 3009 1108 3051; x_wconf 90' lang='grc' dir='ltr'>ιιι</span> <span class='ocrx_word' id='word_1_371' title='bbox 1117 3000 1187 3067; x_wconf 91' lang='lat' dir='ltr'>qnod</span> <span class='ocrx_word' id='word_1_372' title='bbox 1200 2996 1311 3053; x_wconf 91' lang='lat' dir='ltr'>creditis</span> <span class='ocrx_word' id='word_1_373' title='bbox 1325 2995 1520 3065; x_wconf 88' lang='lat' dir='ltr'>postulandum,</span> <span class='ocrx_word' id='word_1_374' title='bbox 1538 2993 1698 3064; x_wconf 88' lang='lat' dir='ltr'>sequamini,</span> <span class='ocrx_word' id='word_1_375' title='bbox 1712 3002 1740 3048; x_wconf 89' lang='lat' dir='ltr'>et</span> 
     </span>
     <span class='ocr_line' id='line_1_60' title="bbox 116 3084 1739 3159; baseline -0.004 -16"><span class='ocrx_word' id='word_1_376' title='bbox 116 3089 193 3144; x_wconf 89' lang='lat' dir='ltr'>robis</span> <span class='ocrx_word' id='word_1_377' title='bbox 207 3091 285 3145; x_wconf 88' lang='lat' dir='ltr'>beato</span> <span class='ocrx_word' id='word_1_378' title='bbox 299 3090 377 3144; x_wconf 79' lang='lat' dir='ltr'>l‘etro</span> <span class='ocrx_word' id='word_1_379' title='bbox 391 3090 512 3158; x_wconf 91' lang='lat' dir='ltr'>apostolo</span> <span class='ocrx_word' id='word_1_380' title='bbox 530 3092 719 3159; x_wconf 87' lang='lat' dir='ltr'>supplicamus,</span> <span class='ocrx_word' id='word_1_381' title='bbox 735 3100 763 3144; x_wconf 93' lang='lat' dir='ltr'>ut</span> <span class='ocrx_word' id='word_1_382' title='bbox 776 3092 844 3145; x_wconf 88' lang='lat' dir='ltr'>roris</span> <span class='ocrx_word' id='word_1_383' title='bbox 857 3106 903 3145; x_wconf 85' lang='lat' dir='ltr'>re·</span> <span class='ocrx_word' id='word_1_384' title='bbox 953 3087 1048 3143; x_wconf 89' lang='lat' dir='ltr'>atnetis</span> <span class='ocrx_word' id='word_1_385' title='bbox 1064 3089 1195 3141; x_wconf 89' lang='lat' dir='ltr'>oblatum.</span> <span class='ocrx_word' id='word_1_386' title='bbox 1217 3087 1298 3141; x_wconf 87' lang='lat' dir='ltr'>Nobis</span> <span class='ocrx_word' id='word_1_387' title='bbox 1323 3101 1374 3140; x_wconf 92' lang='lat' dir='ltr'>una</span> <span class='ocrx_word' id='word_1_388' title='bbox 1395 3099 1481 3139; x_wconf 75' lang='lat' dir='ltr'>causa</span> <span class='ocrx_word' id='word_1_389' title='bbox 1496 3084 1661 3148; x_wconf 92' lang='lat' dir='ltr'>sollicitudo,</span> <span class='ocrx_word' id='word_1_390' title='bbox 1688 3098 1739 3140; x_wconf 87' lang='lat' dir='ltr'>ttna</span> 
     </span>
     <span class='ocr_line' id='line_1_61' title="bbox 113 3174 1739 3250; baseline -0.002 -17"><span class='ocrx_word' id='word_1_391' title='bbox 113 3180 179 3234; x_wconf 89' lang='lat' dir='ltr'>stris</span> <span class='ocrx_word' id='word_1_392' title='bbox 200 3178 270 3248; x_wconf 89' lang='lat' dir='ltr'>apud</span> <span class='ocrx_word' id='word_1_393' title='bbox 295 3180 434 3233; x_wconf 86' lang='lat' dir='ltr'>bominum</span> <span class='ocrx_word' id='word_1_394' title='bbox 457 3179 627 3248; x_wconf 85' lang='lat' dir='ltr'>sttliragetur,</span> <span class='ocrx_word' id='word_1_395' title='bbox 649 3191 676 3234; x_wconf 86' lang='lat' dir='ltr'>et</span> <span class='ocrx_word' id='word_1_396' title='bbox 696 3194 804 3234; x_wconf 89' lang='lat' dir='ltr'>cursum</span> <span class='ocrx_word' id='word_1_397' title='bbox 825 3179 902 3233; x_wconf 80' lang='lat' dir='ltr'>bonae</span> <span class='ocrx_word' id='word_1_398' title='bbox 915 3188 938 3250; x_wconf 80' lang='lat' dir='ltr'>c</span> <span class='ocrx_word' id='word_1_399' title='bbox 953 3181 1072 3236; x_wconf 88' lang='lat' dir='ltr'>custodia</span> <span class='ocrx_word' id='word_1_400' title='bbox 1085 3193 1141 3247; x_wconf 90' lang='lat' dir='ltr'>est,</span> <span class='ocrx_word' id='word_1_401' title='bbox 1154 3182 1190 3235; x_wconf 92' lang='lat' dir='ltr'>ita</span> <span class='ocrx_word' id='word_1_402' title='bbox 1206 3194 1296 3249; x_wconf 87' lang='lat' dir='ltr'>pacem</span> <span class='ocrx_word' id='word_1_403' title='bbox 1312 3192 1409 3247; x_wconf 88' lang='lat' dir='ltr'>cupere</span> <span class='ocrx_word' id='word_1_404' title='bbox 1419 3219 1430 3242; x_wconf 92' lang='lat'>,</span> <span class='ocrx_word' id='word_1_405' title='bbox 1442 3186 1470 3231; x_wconf 91' lang='lat' dir='ltr'>ut</span> <span class='ocrx_word' id='word_1_406' title='bbox 1481 3177 1520 3231; x_wconf 91' lang='lat' dir='ltr'>sic</span> <span class='ocrx_word' id='word_1_407' title='bbox 1533 3176 1686 3246; x_wconf 78' lang='lat' dir='ltr'>religionis,</span> <span class='ocrx_word' id='word_1_408' title='bbox 1700 3174 1739 3230; x_wconf 90' lang='lat' dir='ltr'>sic</span> 
     </span>
    </p>
   </div>
   <div class='ocr_carea' id='block_1_18' title="bbox 110 3269 902 4342">
    <p class='ocr_par' dir='ltr' id='par_1_20' title="bbox 110 3269 902 4342">
     <span class='ocr_line' id='line_1_62' title="bbox 113 3269 901 3340; baseline 0.003 -19"><span class='ocrx_word' id='word_1_409' title='bbox 113 3270 257 3324; x_wconf 70' lang='lat' dir='ltr'>voluntatis</span> <span class='ocrx_word' id='word_1_410' title='bbox 280 3271 432 3340; x_wconf 86' lang='lat' dir='ltr'>adimpleat.</span> <span class='ocrx_word' id='word_1_411' title='bbox 457 3270 510 3325; x_wconf 86' lang='lat' dir='ltr'>Nec</span> <span class='ocrx_word' id='word_1_412' title='bbox 533 3270 641 3325; x_wconf 91' lang='lat' dir='ltr'>dubium</span> <span class='ocrx_word' id='word_1_413' title='bbox 662 3279 704 3323; x_wconf 89' lang='lat' dir='ltr'>est</span> <span class='ocrx_word' id='word_1_414' title='bbox 728 3269 826 3323; x_wconf 91' lang='lat' dir='ltr'>diriuls</span> <span class='ocrx_word' id='word_1_415' title='bbox 854 3283 901 3323; x_wconf 89' lang='lat' dir='ltr'>ros</span> 
     </span>
     <span class='ocr_line' id='line_1_63' title="bbox 112 3338 900 3430; baseline -0.001 -16"><span class='ocrx_word' id='word_1_416' title='bbox 112 3361 218 3414; x_wconf 80' lang='lat' dir='ltr'>auritus</span> <span class='ocrx_word' id='word_1_417' title='bbox 232 3361 361 3430; x_wconf 88' lang='lat' dir='ltr'>adjtttari,</span> <span class='ocrx_word' id='word_1_418' title='bbox 374 3362 434 3430; x_wconf 88' lang='lat' dir='ltr'>quia</span> <span class='ocrx_word' id='word_1_419' title='bbox 449 3372 524 3415; x_wconf 92' lang='lat' dir='ltr'>tanto</span> <span class='ocrx_word' id='word_1_420' title='bbox 537 3361 674 3429; x_wconf 80' lang='lat' dir='ltr'>religionis</span> <span class='ocrx_word' id='word_1_421' title='bbox 687 3338 781 3415; x_wconf 78' lang='lat' dir='ltr'>studto&#39;</span> <span class='ocrx_word' id='word_1_422' title='bbox 790 3360 900 3414; x_wconf 89' lang='lat' dir='ltr'>mauda-</span> 
     </span>
     <span class='ocr_line' id='line_1_64' title="bbox 112 3450 899 3521; baseline -0.001 -17"><span class='ocrx_word' id='word_1_423' title='bbox 112 3451 150 3505; x_wconf 89' lang='lat' dir='ltr'>tis</span> <span class='ocrx_word' id='word_1_424' title='bbox 163 3450 317 3506; x_wconf 79' lang='lat' dir='ltr'>caelestibus</span> <span class='ocrx_word' id='word_1_425' title='bbox 330 3453 454 3507; x_wconf 84' lang='lat' dir='ltr'>obeditis.</span> <span class='ocrx_word' id='word_1_426' title='bbox 470 3452 537 3506; x_wconf 90' lang='lat' dir='ltr'>ilinc</span> <span class='ocrx_word' id='word_1_427' title='bbox 551 3460 592 3506; x_wconf 88' lang='lat' dir='ltr'>est</span> <span class='ocrx_word' id='word_1_428' title='bbox 606 3450 677 3521; x_wconf 89' lang='lat' dir='ltr'>quud</span> <span class='ocrx_word' id='word_1_429' title='bbox 696 3451 758 3520; x_wconf 92' lang='lat' dir='ltr'>quia</span> <span class='ocrx_word' id='word_1_430' title='bbox 780 3459 899 3505; x_wconf 88' lang='lat' dir='ltr'>sanctum</span> 
     </span>
     <span class='ocr_line' id='line_1_65' title="bbox 112 3540 901 3612; baseline -0.004 -17"><span class='ocrx_word' id='word_1_431' title='bbox 112 3542 229 3611; x_wconf 70' lang='lat' dir='ltr'>conjugii</span> <span class='ocrx_word' id='word_1_432' title='bbox 245 3542 328 3596; x_wconf 80' lang='lat' dir='ltr'>vestri</span> <span class='ocrx_word' id='word_1_433' title='bbox 340 3551 443 3596; x_wconf 85' lang='lat' dir='ltr'>constat</span> <span class='ocrx_word' id='word_1_434' title='bbox 456 3557 517 3598; x_wconf 89' lang='lat' dir='ltr'>esse</span> <span class='ocrx_word' id='word_1_435' title='bbox 531 3543 713 3612; x_wconf 87' lang='lat' dir='ltr'>propositum,</span> <span class='ocrx_word' id='word_1_436' title='bbox 729 3540 776 3596; x_wconf 89' lang='lat' dir='ltr'>bas</span> <span class='ocrx_word' id='word_1_437' title='bbox 788 3541 901 3596; x_wconf 88' lang='lat' dir='ltr'>liducia-</span> 
     </span>
     <span class='ocr_line' id='line_1_66' title="bbox 115 3632 901 3696; baseline 0.001 -11"><span class='ocrx_word' id='word_1_438' title='bbox 115 3632 219 3686; x_wconf 85' lang='lat' dir='ltr'>literati</span> <span class='ocrx_word' id='word_1_439' title='bbox 236 3643 352 3689; x_wconf 81' lang='lat' dir='ltr'>rostram</span> <span class='ocrx_word' id='word_1_440' title='bbox 371 3633 540 3688; x_wconf 89' lang='lat' dir='ltr'>clementiam</span> <span class='ocrx_word' id='word_1_441' title='bbox 556 3633 658 3688; x_wconf 88' lang='lat' dir='ltr'>litteras</span> <span class='ocrx_word' id='word_1_442' title='bbox 679 3633 858 3696; x_wconf 85' lang='lat' dir='ltr'>destinamus,</span> <span class='ocrx_word' id='word_1_443' title='bbox 873 3640 901 3686; x_wconf 92' lang='lat' dir='ltr'>ut</span> 
     </span>
     <span class='ocr_line' id='line_1_67' title="bbox 115 3721 900 3793; baseline 0 -18"><span class='ocrx_word' id='word_1_444' title='bbox 115 3737 164 3789; x_wconf 90' lang='lat' dir='ltr'>per</span> <span class='ocrx_word' id='word_1_445' title='bbox 174 3736 222 3776; x_wconf 88' lang='lat' dir='ltr'>ros</span> <span class='ocrx_word' id='word_1_446' title='bbox 231 3723 265 3777; x_wconf 88' lang='lat' dir='ltr'>ad</span> <span class='ocrx_word' id='word_1_447' title='bbox 277 3723 466 3791; x_wconf 89' lang='lat' dir='ltr'>perllciendatn</span> <span class='ocrx_word' id='word_1_448' title='bbox 479 3722 606 3777; x_wconf 77' lang='lat' dir='ltr'>Ecclesia</span> <span class='ocrx_word' id='word_1_449' title='bbox 616 3737 708 3793; x_wconf 89' lang='lat' dir='ltr'>pacem</span> <span class='ocrx_word' id='word_1_450' title='bbox 722 3722 809 3777; x_wconf 87' lang='lat' dir='ltr'>mariti</span> <span class='ocrx_word' id='word_1_451' title='bbox 820 3721 900 3777; x_wconf 85' lang='lat' dir='ltr'>nestri</span> 
     </span>
     <span class='ocr_line' id='line_1_68' title="bbox 112 3813 899 3883; baseline -0.001 -16"><span class='ocrx_word' id='word_1_452' title='bbox 112 3815 325 3883; x_wconf 87' lang='lat' dir='ltr'>pietasamplius</span> <span class='ocrx_word' id='word_1_453' title='bbox 344 3815 480 3869; x_wconf 89' lang='lat' dir='ltr'>incitetur.</span> <span class='ocrx_word' id='word_1_454' title='bbox 504 3814 626 3883; x_wconf 84' lang='lat' dir='ltr'>bloguutu</span> <span class='ocrx_word' id='word_1_455' title='bbox 649 3828 715 3883; x_wconf 91' lang='lat' dir='ltr'>opus</span> <span class='ocrx_word' id='word_1_456' title='bbox 736 3813 899 3881; x_wconf 89' lang='lat' dir='ltr'>arripuistis,</span> 
     </span>
     <span class='ocr_line' id='line_1_69' title="bbox 112 3907 902 3977; baseline -0.003 -15"><span class='ocrx_word' id='word_1_457' title='bbox 112 3923 206 3977; x_wconf 87' lang='lat' dir='ltr'>magna</span> <span class='ocrx_word' id='word_1_458' title='bbox 222 3907 299 3961; x_wconf 88' lang='lat' dir='ltr'>robis</span> <span class='ocrx_word' id='word_1_459' title='bbox 313 3922 392 3961; x_wconf 86' lang='lat' dir='ltr'>causa</span> <span class='ocrx_word' id='word_1_460' title='bbox 408 3908 552 3961; x_wconf 85' lang='lat' dir='ltr'>contmissa</span> <span class='ocrx_word' id='word_1_461' title='bbox 566 3918 618 3962; x_wconf 87' lang='lat' dir='ltr'>est.</span> <span class='ocrx_word' id='word_1_462' title='bbox 635 3907 684 3961; x_wconf 85' lang='lat' dir='ltr'>Per</span> <span class='ocrx_word' id='word_1_463' title='bbox 698 3923 745 3961; x_wconf 86' lang='lat' dir='ltr'>nus</span> <span class='ocrx_word' id='word_1_464' title='bbox 759 3907 840 3960; x_wconf 88' lang='lat' dir='ltr'>ctiam</span> <span class='ocrx_word' id='word_1_465' title='bbox 854 3920 902 3974; x_wconf 90' lang='lat' dir='ltr'>po·</span> 
     </span>
     <span class='ocr_line' id='line_1_70' title="bbox 112 3997 899 4064; baseline 0.004 -14"><span class='ocrx_word' id='word_1_466' title='bbox 112 4000 189 4064; x_wconf 88' lang='lat' dir='ltr'>pulos</span> <span class='ocrx_word' id='word_1_467' title='bbox 204 3997 327 4052; x_wconf 81' lang='lat' dir='ltr'>cbristus</span> <span class='ocrx_word' id='word_1_468' title='bbox 350 4000 405 4052; x_wconf 79' lang='lat' dir='ltr'>tuit</span> <span class='ocrx_word' id='word_1_469' title='bbox 425 3997 458 4052; x_wconf 89' lang='lat' dir='ltr'>ad</span> <span class='ocrx_word' id='word_1_470' title='bbox 483 3998 610 4053; x_wconf 78' lang='lat' dir='ltr'>Ecclesiae</span> <span class='ocrx_word' id='word_1_471' title='bbox 632 3998 732 4052; x_wconf 80' lang='lat' dir='ltr'>loedere</span> <span class='ocrx_word' id='word_1_472' title='bbox 756 4011 899 4064; x_wconf 83' lang='lat' dir='ltr'>retonare,</span> 
     </span>
     <span class='ocr_line' id='line_1_71' title="bbox 111 4088 900 4159; baseline 0.001 -16"><span class='ocrx_word' id='word_1_473' title='bbox 111 4102 178 4158; x_wconf 84' lang='lat' dir='ltr'>quos</span> <span class='ocrx_word' id='word_1_474' title='bbox 200 4104 293 4158; x_wconf 87' lang='lat' dir='ltr'>perse</span> <span class='ocrx_word' id='word_1_475' title='bbox 310 4089 422 4145; x_wconf 85' lang='lat' dir='ltr'>noluita</span> <span class='ocrx_word' id='word_1_476' title='bbox 439 4098 526 4144; x_wconf 90' lang='lat' dir='ltr'>morte</span> <span class='ocrx_word' id='word_1_477' title='bbox 541 4089 685 4144; x_wconf 88' lang='lat' dir='ltr'>redimere.</span> <span class='ocrx_word' id='word_1_478' title='bbox 705 4088 798 4159; x_wconf 81' lang='lat' dir='ltr'>Magoa</span> <span class='ocrx_word' id='word_1_479' title='bbox 821 4091 900 4144; x_wconf 89' lang='lat' dir='ltr'>etiarn</span> 
     </span>
     <span class='ocr_line' id='line_1_72' title="bbox 110 4181 902 4251; baseline 0.005 -19"><span class='ocrx_word' id='word_1_480' title='bbox 110 4191 203 4235; x_wconf 86' lang='lat' dir='ltr'>nestro</span> <span class='ocrx_word' id='word_1_481' title='bbox 214 4181 292 4251; x_wconf 76' lang='lat' dir='ltr'>sesni</span> <span class='ocrx_word' id='word_1_482' title='bbox 302 4194 391 4249; x_wconf 88' lang='lat' dir='ltr'>parata</span> <span class='ocrx_word' id='word_1_483' title='bbox 402 4190 445 4236; x_wconf 90' lang='lat' dir='ltr'>est</span> <span class='ocrx_word' id='word_1_484' title='bbox 457 4181 541 4236; x_wconf 90' lang='lat' dir='ltr'>laudis</span> <span class='ocrx_word' id='word_1_485' title='bbox 551 4182 667 4251; x_wconf 90' lang='lat' dir='ltr'>occasio,</span> <span class='ocrx_word' id='word_1_486' title='bbox 681 4182 702 4237; x_wconf 89' lang='lat' dir='ltr'>si</span> <span class='ocrx_word' id='word_1_487' title='bbox 715 4184 790 4237; x_wconf 86' lang='lat' dir='ltr'>robis</span> <span class='ocrx_word' id='word_1_488' title='bbox 800 4184 902 4239; x_wconf 84' lang='lat' dir='ltr'>lustun-</span> 
     </span>
     <span class='ocr_line' id='line_1_73' title="bbox 112 4272 902 4342; baseline 0.005 -17"><span class='ocrx_word' id='word_1_489' title='bbox 112 4272 182 4326; x_wconf 91' lang='lat' dir='ltr'>tibus</span> <span class='ocrx_word' id='word_1_490' title='bbox 196 4273 321 4327; x_wconf 75' lang='lat' dir='ltr'>Ecclesia</span> <span class='ocrx_word' id='word_1_491' title='bbox 334 4289 389 4327; x_wconf 83' lang='lat' dir='ltr'>sum</span> <span class='ocrx_word' id='word_1_492' title='bbox 398 4272 521 4328; x_wconf 81' lang='lat' dir='ltr'>cbristus</span> <span class='ocrx_word' id='word_1_493' title='bbox 534 4288 594 4342; x_wconf 71' lang='lat' dir='ltr'>qnae</span> <span class='ocrx_word' id='word_1_494' title='bbox 605 4274 688 4329; x_wconf 86' lang='lat' dir='ltr'>diuisa</span> <span class='ocrx_word' id='word_1_495' title='bbox 702 4275 806 4331; x_wconf 91' lang='lat' dir='ltr'>lueraut</span> <span class='ocrx_word' id='word_1_496' title='bbox 819 4290 902 4329; x_wconf 90' lang='lat' dir='ltr'>mum·</span> 
     </span>
    </p>
   </div>
   <div class='ocr_carea' id='block_1_19' title="bbox 112 4360 1742 4531">
    <p class='ocr_par' dir='ltr' id='par_1_21' title="bbox 112 4360 1742 4531">
     <span class='ocr_line' id='line_1_74' title="bbox 113 4360 901 4436; baseline 0.009 -23"><span class='ocrx_word' id='word_1_497' title='bbox 113 4360 159 4414; x_wconf 87' lang='lat' dir='ltr'>bra</span> <span class='ocrx_word' id='word_1_498' title='bbox 173 4364 331 4430; x_wconf 83' lang='lat' dir='ltr'>conjungat.</span> <span class='ocrx_word' id='word_1_499' title='bbox 353 4364 406 4419; x_wconf 84' lang='lat' dir='ltr'>Nec</span> <span class='ocrx_word' id='word_1_500' title='bbox 425 4365 483 4434; x_wconf 84' lang='lat' dir='ltr'>ejus</span> <span class='ocrx_word' id='word_1_501' title='bbox 499 4365 584 4433; x_wconf 83' lang='lat' dir='ltr'>major</span> <span class='ocrx_word' id='word_1_502' title='bbox 604 4374 644 4420; x_wconf 90' lang='lat' dir='ltr'>est</span> <span class='ocrx_word' id='word_1_503' title='bbox 665 4365 766 4435; x_wconf 88' lang='lat' dir='ltr'>gloria,</span> <span class='ocrx_word' id='word_1_504' title='bbox 782 4381 840 4436; x_wconf 75' lang='lat' dir='ltr'>quae</span> <span class='ocrx_word' id='word_1_505' title='bbox 853 4366 901 4420; x_wconf 92' lang='lat' dir='ltr'>bu-</span> 
     </span>
     <span class='ocr_line' id='line_1_75' title="bbox 112 4452 1742 4531; baseline 0.006 -28"><span class='ocrx_word' id='word_1_506' title='bbox 112 4465 199 4505; x_wconf 80' lang='lat' dir='ltr'>manae</span> <span class='ocrx_word' id='word_1_507' title='bbox 219 4452 313 4507; x_wconf 82' lang='lat' dir='ltr'>salutis</span> <span class='ocrx_word' id='word_1_508' title='bbox 328 4453 425 4523; x_wconf 89' lang='lat' dir='ltr'>lignum</span> <span class='ocrx_word' id='word_1_509' title='bbox 439 4465 556 4510; x_wconf 86' lang='lat' dir='ltr'>semusta</span> <span class='ocrx_word' id='word_1_510' title='bbox 576 4466 636 4522; x_wconf 91' lang='lat' dir='ltr'>est,</span> <span class='ocrx_word' id='word_1_511' title='bbox 658 4467 684 4510; x_wconf 90' lang='lat' dir='ltr'>et</span> <span class='ocrx_word' id='word_1_512' title='bbox 699 4455 782 4510; x_wconf 89' lang='lat' dir='ltr'>solam</span> <span class='ocrx_word' id='word_1_513' title='bbox 796 4473 901 4514; x_wconf 83' lang='lat' dir='ltr'>crucem</span> <span class='ocrx_word' id='word_1_514' title='bbox 956 4465 1029 4520; x_wconf 89' lang='lat' dir='ltr'>tione</span> <span class='ocrx_word' id='word_1_515' title='bbox 1043 4463 1190 4531; x_wconf 87' lang='lat' dir='ltr'>disposita,</span> <span class='ocrx_word' id='word_1_516' title='bbox 1206 4472 1234 4516; x_wconf 93' lang='lat' dir='ltr'>nt</span> <span class='ocrx_word' id='word_1_517' title='bbox 1249 4462 1368 4531; x_wconf 80' lang='lat' dir='ltr'>quiquis</span> <span class='ocrx_word' id='word_1_518' title='bbox 1382 4475 1429 4516; x_wconf 92' lang='lat' dir='ltr'>eos</span> <span class='ocrx_word' id='word_1_519' title='bbox 1448 4460 1474 4514; x_wconf 95' lang='lat' dir='ltr'>iu</span> <span class='ocrx_word' id='word_1_520' title='bbox 1496 4459 1682 4514; x_wconf 89' lang='lat' dir='ltr'>communione</span> <span class='ocrx_word' id='word_1_521' title='bbox 1699 4473 1742 4513; x_wconf 88' lang='lat' dir='ltr'>se·</span> 
     </span>
    </p>
   </div>
   <div class='ocr_carea' id='block_1_20' title="bbox 111 4544 901 5173">
    <p class='ocr_par' dir='ltr' id='par_1_22' title="bbox 111 4544 901 5173">
     <span class='ocr_line' id='line_1_76' title="bbox 111 4544 901 4616; baseline 0.006 -21"><span class='ocrx_word' id='word_1_522' title='bbox 111 4557 190 4610; x_wconf 89' lang='lat' dir='ltr'>quam</span> <span class='ocrx_word' id='word_1_523' title='bbox 203 4544 292 4598; x_wconf 89' lang='lat' dir='ltr'>omnis</span> <span class='ocrx_word' id='word_1_524' title='bbox 307 4553 449 4600; x_wconf 87' lang='lat' dir='ltr'>teneratur</span> <span class='ocrx_word' id='word_1_525' title='bbox 459 4547 575 4600; x_wconf 85' lang='lat' dir='ltr'>anundus</span> <span class='ocrx_word' id='word_1_526' title='bbox 588 4545 689 4601; x_wconf 80' lang='lat' dir='ltr'>inuenit</span> <span class='ocrx_word' id='word_1_527' title='bbox 701 4550 721 4599; x_wconf 80' lang='lat'>⁰.</span> <span class='ocrx_word' id='word_1_528' title='bbox 736 4547 901 4616; x_wconf 79' lang='lat' dir='ltr'>superabitis</span> 
     </span>
     <span class='ocr_line' id='line_1_77' title="bbox 111 4634 900 4708; baseline 0.009 -22"><span class='ocrx_word' id='word_1_529' title='bbox 111 4634 232 4702; x_wconf 81' lang='lat' dir='ltr'>quinimo</span> <span class='ocrx_word' id='word_1_530' title='bbox 245 4634 316 4688; x_wconf 85' lang='lat' dir='ltr'>illius</span> <span class='ocrx_word' id='word_1_531' title='bbox 328 4637 433 4702; x_wconf 91' lang='lat' dir='ltr'>merita,</span> <span class='ocrx_word' id='word_1_532' title='bbox 448 4638 510 4707; x_wconf 89' lang='lat' dir='ltr'>quia</span> <span class='ocrx_word' id='word_1_533' title='bbox 527 4637 656 4693; x_wconf 65' lang='lat' dir='ltr'>Ecclesiae</span> <span class='ocrx_word' id='word_1_534' title='bbox 668 4639 756 4693; x_wconf 88' lang='lat' dir='ltr'>unitas</span> <span class='ocrx_word' id='word_1_535' title='bbox 769 4655 816 4708; x_wconf 87' lang='lat' dir='ltr'>per</span> <span class='ocrx_word' id='word_1_536' title='bbox 831 4639 900 4694; x_wconf 85' lang='lat' dir='ltr'>illam</span> 
     </span>
     <span class='ocr_line' id='line_1_78' title="bbox 111 4727 900 4798; baseline 0.01 -20"><span class='ocrx_word' id='word_1_537' title='bbox 111 4741 189 4780; x_wconf 90' lang='lat' dir='ltr'>suum</span> <span class='ocrx_word' id='word_1_538' title='bbox 201 4727 303 4782; x_wconf 88' lang='lat' dir='ltr'>ioreuit</span> <span class='ocrx_word' id='word_1_539' title='bbox 312 4730 429 4798; x_wconf 90' lang='lat' dir='ltr'>signnm,</span> <span class='ocrx_word' id='word_1_540' title='bbox 442 4743 489 4798; x_wconf 88' lang='lat' dir='ltr'>per</span> <span class='ocrx_word' id='word_1_541' title='bbox 500 4744 550 4784; x_wconf 88' lang='lat' dir='ltr'>ros</span> <span class='ocrx_word' id='word_1_542' title='bbox 560 4739 600 4784; x_wconf 89' lang='lat' dir='ltr'>est</span> <span class='ocrx_word' id='word_1_543' title='bbox 609 4730 731 4785; x_wconf 89' lang='lat' dir='ltr'>habitura</span> <span class='ocrx_word' id='word_1_544' title='bbox 743 4732 900 4786; x_wconf 88' lang='lat' dir='ltr'>remedium.</span> 
     </span>
     <span class='ocr_line' id='line_1_79' title="bbox 112 4819 900 4892; baseline 0.006 -21"><span class='ocrx_word' id='word_1_545' title='bbox 112 4821 179 4888; x_wconf 76' lang='lat' dir='ltr'>Agat</span> <span class='ocrx_word' id='word_1_546' title='bbox 192 4819 273 4888; x_wconf 83' lang='lat' dir='ltr'>igitur</span> <span class='ocrx_word' id='word_1_547' title='bbox 284 4821 383 4890; x_wconf 87' lang='lat' dir='ltr'>jugalis</span> <span class='ocrx_word' id='word_1_548' title='bbox 400 4822 482 4877; x_wconf 85' lang='lat' dir='ltr'>nestri</span> <span class='ocrx_word' id='word_1_549' title='bbox 496 4823 617 4892; x_wconf 87' lang='lat' dir='ltr'>religiosa</span> <span class='ocrx_word' id='word_1_550' title='bbox 631 4822 791 4886; x_wconf 81' lang='lat' dir='ltr'>cletnentia,</span> <span class='ocrx_word' id='word_1_551' title='bbox 805 4833 833 4876; x_wconf 94' lang='lat' dir='ltr'>ut</span> <span class='ocrx_word' id='word_1_552' title='bbox 850 4825 900 4878; x_wconf 88' lang='lat' dir='ltr'>lra-</span> 
     </span>
     <span class='ocr_line' id='line_1_80' title="bbox 113 4913 900 4983; baseline 0.005 -20"><span class='ocrx_word' id='word_1_553' title='bbox 113 4922 167 4964; x_wconf 89' lang='lat' dir='ltr'>tres</span> <span class='ocrx_word' id='word_1_554' title='bbox 180 4920 207 4965; x_wconf 91' lang='lat' dir='ltr'>et</span> <span class='ocrx_word' id='word_1_555' title='bbox 221 4913 372 4981; x_wconf 88' lang='lat' dir='ltr'>coepiscopi</span> <span class='ocrx_word' id='word_1_556' title='bbox 393 4916 478 4969; x_wconf 87' lang='lat' dir='ltr'>nostri</span> <span class='ocrx_word' id='word_1_557' title='bbox 493 4915 587 4970; x_wconf 90' lang='lat' dir='ltr'>subeo</span> <span class='ocrx_word' id='word_1_558' title='bbox 603 4914 684 4969; x_wconf 93' lang='lat' dir='ltr'>libelli</span> <span class='ocrx_word' id='word_1_559' title='bbox 701 4923 808 4980; x_wconf 86' lang='lat' dir='ltr'>tenore,</span> <span class='ocrx_word' id='word_1_560' title='bbox 822 4930 900 4983; x_wconf 92' lang='lat' dir='ltr'>quem</span> 
     </span>
     <span class='ocr_line' id='line_1_81' title="bbox 112 5002 897 5075; baseline 0.008 -21"><span class='ocrx_word' id='word_1_561' title='bbox 112 5002 211 5056; x_wconf 90' lang='lat' dir='ltr'>dudum</span> <span class='ocrx_word' id='word_1_562' title='bbox 235 5004 371 5070; x_wconf 85' lang='lat' dir='ltr'>misimus,</span> <span class='ocrx_word' id='word_1_563' title='bbox 397 5006 479 5060; x_wconf 86' lang='lat' dir='ltr'>bdem·</span> <span class='ocrx_word' id='word_1_564' title='bbox 498 5022 573 5060; x_wconf 91' lang='lat' dir='ltr'>suam</span> <span class='ocrx_word' id='word_1_565' title='bbox 597 5004 741 5075; x_wconf 77' lang='lat' dir='ltr'>dignentur</span> <span class='ocrx_word' id='word_1_566' title='bbox 759 5021 897 5071; x_wconf 86' lang='lat' dir='ltr'>asserere;</span> 
     </span>
     <span class='ocr_line' id='line_1_82' title="bbox 111 5094 899 5173; baseline 0.011 -31"><span class='ocrx_word' id='word_1_567' title='bbox 111 5102 242 5160; x_wconf 81' lang='lat' dir='ltr'>qttsteous</span> <span class='ocrx_word' id='word_1_568' title='bbox 257 5094 372 5161; x_wconf 88' lang='lat' dir='ltr'>perlecta</span> <span class='ocrx_word' id='word_1_569' title='bbox 392 5095 476 5165; x_wconf 58' lang='lat' dir='ltr'>possit</span> <span class='ocrx_word' id='word_1_570' title='bbox 489 5110 550 5173; x_wconf 84' lang='lat' dir='ltr'>esse</span> <span class='ocrx_word' id='word_1_571' title='bbox 562 5112 621 5167; x_wconf 80' lang='lat' dir='ltr'>quae</span> <span class='ocrx_word' id='word_1_572' title='bbox 634 5106 677 5152; x_wconf 89' lang='lat' dir='ltr'>est</span> <span class='ocrx_word' id='word_1_573' title='bbox 697 5096 818 5152; x_wconf 87' lang='lat' dir='ltr'>inchoata</span> <span class='ocrx_word' id='word_1_574' title='bbox 840 5112 899 5151; x_wconf 91' lang='lat' dir='ltr'>cor·</span> 
     </span>
    </p>
   </div>
   <div class='ocr_carea' id='block_1_21' title="bbox 112 5229 902 5843">
    <p class='ocr_par' dir='ltr' id='par_1_23' title="bbox 112 5229 902 5843">
     <span class='ocr_line' id='line_1_83' title="bbox 147 5229 900 5295; baseline 0.003 -13"><span class='ocrx_word' id='word_1_575' title='bbox 147 5238 160 5264; x_wconf 82' lang='lat'><strong>¹</strong></span> <span class='ocrx_word' id='word_1_576' title='bbox 177 5229 233 5283; x_wconf 94' lang='lat' dir='ltr'>lloc</span> <span class='ocrx_word' id='word_1_577' title='bbox 248 5233 307 5283; x_wconf 88' lang='lat' dir='ltr'>locu</span> <span class='ocrx_word' id='word_1_578' title='bbox 326 5230 494 5285; x_wconf 83' lang='lat' dir='ltr'>desideratur</span> <span class='ocrx_word' id='word_1_579' title='bbox 516 5247 612 5286; x_wconf 92' lang='lat' dir='ltr'>nomeu</span> <span class='ocrx_word' id='word_1_580' title='bbox 635 5232 754 5284; x_wconf 81' lang='lat' dir='ltr'>binsctnt</span> <span class='ocrx_word' id='word_1_581' title='bbox 779 5230 900 5295; x_wconf 89' lang='lat' dir='ltr'>dacnni,</span> 
     </span>
     <span class='ocr_line' id='line_1_84' title="bbox 112 5298 900 5369; baseline 0.008 -21"><span class='ocrx_word' id='word_1_582' title='bbox 112 5298 182 5363; x_wconf 90' lang='lat' dir='ltr'>quod</span> <span class='ocrx_word' id='word_1_583' title='bbox 206 5300 232 5354; x_wconf 95' lang='lat' dir='ltr'>in</span> <span class='ocrx_word' id='word_1_584' title='bbox 252 5300 371 5366; x_wconf 72' lang='lat' dir='ltr'>sputum</span> <span class='ocrx_word' id='word_1_585' title='bbox 386 5302 559 5369; x_wconf 83' lang='lat' dir='ltr'>sequentibus</span> <span class='ocrx_word' id='word_1_586' title='bbox 580 5316 734 5367; x_wconf 83' lang='lat' dir='ltr'>expressum</span> <span class='ocrx_word' id='word_1_587' title='bbox 755 5300 900 5365; x_wconf 83' lang='lat' dir='ltr'>invertitur,</span> 
     </span>
     <span class='ocr_line' id='line_1_85' title="bbox 114 5369 901 5439; baseline 0.004 -18"><span class='ocrx_word' id='word_1_588' title='bbox 114 5369 173 5422; x_wconf 85' lang='lat' dir='ltr'>beet</span> <span class='ocrx_word' id='word_1_589' title='bbox 187 5385 240 5422; x_wconf 88' lang='lat' dir='ltr'>non</span> <span class='ocrx_word' id='word_1_590' title='bbox 255 5372 305 5423; x_wconf 89' lang='lat' dir='ltr'>buc</span> <span class='ocrx_word' id='word_1_591' title='bbox 318 5371 421 5425; x_wconf 87' lang='lat' dir='ltr'>urdine.</span> <span class='ocrx_word' id='word_1_592' title='bbox 436 5370 501 5423; x_wconf 87' lang='lat' dir='ltr'>Nam</span> <span class='ocrx_word' id='word_1_593' title='bbox 524 5375 550 5424; x_wconf 93' lang='lat' dir='ltr'>lu</span> <span class='ocrx_word' id='word_1_594' title='bbox 564 5373 628 5439; x_wconf 88' lang='lat' dir='ltr'>ipsis</span> <span class='ocrx_word' id='word_1_595' title='bbox 642 5381 701 5439; x_wconf 86' lang='lat' dir='ltr'>post</span> <span class='ocrx_word' id='word_1_596' title='bbox 718 5372 822 5423; x_wconf 89' lang='lat' dir='ltr'>rtttntina</span> <span class='ocrx_word' id='word_1_597' title='bbox 842 5370 901 5438; x_wconf 79' lang='lat' dir='ltr'>cpi·</span> 
     </span>
     <span class='ocr_line' id='line_1_86' title="bbox 113 5440 901 5508; baseline -0.001 -18"><span class='ocrx_word' id='word_1_598' title='bbox 113 5453 254 5507; x_wconf 87' lang='lat' dir='ltr'>scoporum</span> <span class='ocrx_word' id='word_1_599' title='bbox 266 5440 414 5508; x_wconf 87' lang='lat' dir='ltr'>legatorum</span> <span class='ocrx_word' id='word_1_600' title='bbox 425 5456 487 5493; x_wconf 87' lang='lat' dir='ltr'>mor</span> <span class='ocrx_word' id='word_1_601' title='bbox 502 5442 630 5507; x_wconf 86' lang='lat' dir='ltr'>nominari</span> <span class='ocrx_word' id='word_1_602' title='bbox 643 5442 813 5507; x_wconf 87' lang='lat' dir='ltr'>reperiuntur</span> <span class='ocrx_word' id='word_1_603' title='bbox 822 5440 901 5491; x_wconf 86' lang='lat' dir='ltr'>ambo</span> 
     </span>
     <span class='ocr_line' id='line_1_87' title="bbox 115 5507 901 5579; baseline 0.001 -20"><span class='ocrx_word' id='word_1_604' title='bbox 115 5507 192 5576; x_wconf 85' lang='lat' dir='ltr'>legati</span> <span class='ocrx_word' id='word_1_605' title='bbox 207 5511 311 5563; x_wconf 76' lang='lat' dir='ltr'>diaconi</span> <span class='ocrx_word' id='word_1_606' title='bbox 333 5519 360 5562; x_wconf 88' lang='lat' dir='ltr'>ot</span> <span class='ocrx_word' id='word_1_607' title='bbox 381 5513 525 5564; x_wconf 88' lang='lat' dir='ltr'>notissime</span> <span class='ocrx_word' id='word_1_608' title='bbox 541 5511 657 5564; x_wconf 84' lang='lat' dir='ltr'>Blandus</span> <span class='ocrx_word' id='word_1_609' title='bbox 678 5512 828 5579; x_wconf 78' lang='lat' dir='ltr'>presbyter.</span> <span class='ocrx_word' id='word_1_610' title='bbox 850 5508 901 5563; x_wconf 83' lang='lat' dir='ltr'>Sed</span> 
     </span>
     <span class='ocr_line' id='line_1_88' title="bbox 115 5578 902 5648; baseline 0.004 -19"><span class='ocrx_word' id='word_1_611' title='bbox 115 5578 192 5647; x_wconf 80' lang='lat' dir='ltr'>ltujus</span> <span class='ocrx_word' id='word_1_612' title='bbox 207 5581 328 5647; x_wconf 73' lang='lat' dir='ltr'>epistolae</span> <span class='ocrx_word' id='word_1_613' title='bbox 349 5580 505 5634; x_wconf 84' lang='lat' dir='ltr'>summitate</span> <span class='ocrx_word' id='word_1_614' title='bbox 525 5581 575 5635; x_wconf 85' lang='lat' dir='ltr'>dici</span> <span class='ocrx_word' id='word_1_615' title='bbox 596 5592 682 5648; x_wconf 87' lang='lat' dir='ltr'>potest</span> <span class='ocrx_word' id='word_1_616' title='bbox 709 5595 800 5633; x_wconf 87' lang='lat' dir='ltr'>errore</span> <span class='ocrx_word' id='word_1_617' title='bbox 823 5579 902 5633; x_wconf 91' lang='lat' dir='ltr'>libra·</span> 
     </span>
     <span class='ocr_line' id='line_1_89' title="bbox 114 5648 901 5717; baseline 0.001 -18"><span class='ocrx_word' id='word_1_618' title='bbox 114 5651 212 5706; x_wconf 91' lang='lat' dir='ltr'>riorum</span> <span class='ocrx_word' id='word_1_619' title='bbox 237 5649 366 5703; x_wconf 84' lang='lat' dir='ltr'>ucrtdisse</span> <span class='ocrx_word' id='word_1_620' title='bbox 389 5648 457 5717; x_wconf 93' lang='lat' dir='ltr'>quod</span> <span class='ocrx_word' id='word_1_621' title='bbox 480 5649 514 5703; x_wconf 94' lang='lat' dir='ltr'>ibi</span> <span class='ocrx_word' id='word_1_622' title='bbox 538 5650 621 5704; x_wconf 88' lang='lat' dir='ltr'>series</span> <span class='ocrx_word' id='word_1_623' title='bbox 652 5651 787 5704; x_wconf 91' lang='lat' dir='ltr'>nominum</span> <span class='ocrx_word' id='word_1_624' title='bbox 809 5651 843 5703; x_wconf 91' lang='lat' dir='ltr'>sit</span> <span class='ocrx_word' id='word_1_625' title='bbox 862 5650 901 5701; x_wconf 91' lang='lat' dir='ltr'>in-</span> 
     </span>
     <span class='ocr_line' id='line_1_90' title="bbox 115 5718 899 5843; baseline 0 -73"><span class='ocrx_word' id='word_1_626' title='bbox 115 5734 201 5784; x_wconf 81' lang='lat' dir='ltr'>uersa,</span> <span class='ocrx_word' id='word_1_627' title='bbox 214 5729 241 5774; x_wconf 87' lang='lat' dir='ltr'>et</span> <span class='ocrx_word' id='word_1_628' title='bbox 251 5719 357 5774; x_wconf 84' lang='lat' dir='ltr'>diaconi</span> <span class='ocrx_word' id='word_1_629' title='bbox 368 5728 429 5775; x_wconf 84' lang='lat' dir='ltr'>aare</span> <span class='ocrx_word' id='word_1_630' title='bbox 438 5721 622 5790; x_wconf 80' lang='lat' dir='ltr'>presbyterum</span> <span class='ocrx_word' id='word_1_631' title='bbox 635 5720 711 5843; x_wconf 73' lang='lat' dir='ltr'>posisti</span> <span class='ocrx_word' id='word_1_632' title='bbox 722 5718 899 5841; x_wconf 56' lang='lat' dir='ltr'>repperiantur.</span> 
     </span>
    </p>

    <p class='ocr_par' dir='ltr' id='par_1_24' title="bbox 333 5801 862 5843">
     <span class='ocr_line' id='line_1_91' title="bbox 333 5801 862 5843; baseline -0.004 -2"><span class='ocrx_word' id='word_1_633' title='bbox 333 5806 336 5811; x_wconf 92' lang='lat'>·</span> <span class='ocrx_word' id='word_1_634' title='bbox 706 5803 746 5843; x_wconf 86' lang='lat' dir='ltr'>st.</span> <span class='ocrx_word' id='word_1_635' title='bbox 785 5801 862 5841; x_wconf 84' lang='lat' dir='ltr'>antus.</span> 
     </span>
    </p>
   </div>
   <div class='ocr_carea' id='block_1_22' title="bbox 952 3258 1756 4455">
    <p class='ocr_par' dir='ltr' id='par_1_25' title="bbox 952 3258 1756 4455">
     <span class='ocr_line' id='line_1_92' title="bbox 953 3258 1739 3337; baseline -0.004 -13"><span class='ocrx_word' id='word_1_636' title='bbox 953 3272 1145 3327; x_wconf 87' lang='lat' dir='ltr'>tt·nerabilium</span> <span class='ocrx_word' id='word_1_637' title='bbox 1165 3271 1273 3325; x_wconf 84' lang='lat' dir='ltr'>Parrum</span> <span class='ocrx_word' id='word_1_638' title='bbox 1286 3270 1429 3324; x_wconf 89' lang='lat' dir='ltr'>constituta</span> <span class='ocrx_word' id='word_1_639' title='bbox 1443 3258 1600 3324; x_wconf 83' lang='lat' dir='ltr'>seruentur:</span> <span class='ocrx_word' id='word_1_640' title='bbox 1614 3267 1739 3337; x_wconf 91' lang='lat' dir='ltr'>quoniam</span> 
     </span>
     <span class='ocr_line' id='line_1_93' title="bbox 952 3359 1738 3435; baseline -0.008 -17"><span class='ocrx_word' id='word_1_641' title='bbox 952 3380 1012 3435; x_wconf 78' lang='lat' dir='ltr'>quae</span> <span class='ocrx_word' id='word_1_642' title='bbox 1032 3364 1103 3420; x_wconf 91' lang='lat' dir='ltr'>inter</span> <span class='ocrx_word' id='word_1_643' title='bbox 1123 3378 1153 3418; x_wconf 91' lang='lat' dir='ltr'>se</span> <span class='ocrx_word' id='word_1_644' title='bbox 1174 3377 1291 3419; x_wconf 87' lang='lat' dir='ltr'>consono</span> <span class='ocrx_word' id='word_1_645' title='bbox 1315 3362 1474 3417; x_wconf 82' lang='lat' dir='ltr'>credulitate</span> <span class='ocrx_word' id='word_1_646' title='bbox 1496 3374 1549 3413; x_wconf 92' lang='lat' dir='ltr'>uon</span> <span class='ocrx_word' id='word_1_647' title='bbox 1572 3359 1738 3429; x_wconf 87' lang='lat' dir='ltr'>discrepant,</span> 
     </span>
     <span class='ocr_line' id='line_1_94' title="bbox 952 3449 1740 3523; baseline -0.008 -15"><span class='ocrx_word' id='word_1_648' title='bbox 952 3470 1056 3523; x_wconf 82' lang='lat' dir='ltr'>mquum</span> <span class='ocrx_word' id='word_1_649' title='bbox 1071 3462 1113 3509; x_wconf 90' lang='lat' dir='ltr'>est</span> <span class='ocrx_word' id='word_1_650' title='bbox 1126 3462 1154 3509; x_wconf 92' lang='lat' dir='ltr'>nt</span> <span class='ocrx_word' id='word_1_651' title='bbox 1166 3453 1244 3510; x_wconf 88' lang='lat' dir='ltr'>simili</span> <span class='ocrx_word' id='word_1_652' title='bbox 1260 3451 1447 3507; x_wconf 84' lang='lat' dir='ltr'>obseruatione</span> <span class='ocrx_word' id='word_1_653' title='bbox 1458 3451 1614 3505; x_wconf 88' lang='lat' dir='ltr'>subsistant.</span> <span class='ocrx_word' id='word_1_654' title='bbox 1628 3449 1680 3504; x_wconf 86' lang='lat' dir='ltr'>Sed</span> <span class='ocrx_word' id='word_1_655' title='bbox 1691 3462 1740 3504; x_wconf 93' lang='lat' dir='ltr'>cur</span> 
     </span>
     <span class='ocr_line' id='line_1_95' title="bbox 952 3540 1750 3613; baseline -0.006 -12"><span class='ocrx_word' id='word_1_656' title='bbox 952 3545 1052 3601; x_wconf 94' lang='lat' dir='ltr'>diutius</span> <span class='ocrx_word' id='word_1_657' title='bbox 1075 3543 1268 3599; x_wconf 89' lang='lat' dir='ltr'>immoramurl</span> <span class='ocrx_word' id='word_1_658' title='bbox 1290 3543 1348 3600; x_wconf 78' lang='lat' dir='ltr'>Scit</span> <span class='ocrx_word' id='word_1_659' title='bbox 1370 3544 1428 3613; x_wconf 89' lang='lat' dir='ltr'>ipse</span> <span class='ocrx_word' id='word_1_660' title='bbox 1452 3542 1559 3596; x_wconf 87' lang='lat' dir='ltr'>unitatis</span> <span class='ocrx_word' id='word_1_661' title='bbox 1579 3555 1658 3596; x_wconf 87' lang='lat' dir='ltr'>causa</span> <span class='ocrx_word' id='word_1_662' title='bbox 1677 3540 1750 3611; x_wconf 73' lang='lat' dir='ltr'>qttiu·</span> 
     </span>
     <span class='ocr_line' id='line_1_96' title="bbox 952 3635 1740 3710; baseline -0.004 -16"><span class='ocrx_word' id='word_1_663' title='bbox 952 3641 1062 3710; x_wconf 86' lang='lat' dir='ltr'>erigat,</span> <span class='ocrx_word' id='word_1_664' title='bbox 1078 3641 1131 3695; x_wconf 86' lang='lat' dir='ltr'>scis</span> <span class='ocrx_word' id='word_1_665' title='bbox 1145 3639 1268 3708; x_wconf 78' lang='lat' dir='ltr'>ipseque</span> <span class='ocrx_word' id='word_1_666' title='bbox 1289 3639 1329 3692; x_wconf 84' lang='lat' dir='ltr'>tit</span> <span class='ocrx_word' id='word_1_667' title='bbox 1344 3636 1378 3692; x_wconf 87' lang='lat' dir='ltr'>sd</span> <span class='ocrx_word' id='word_1_668' title='bbox 1394 3636 1463 3693; x_wconf 83' lang='lat' dir='ltr'>beati</span> <span class='ocrx_word' id='word_1_669' title='bbox 1479 3635 1550 3692; x_wconf 82' lang='lat' dir='ltr'>Petri</span> <span class='ocrx_word' id='word_1_670' title='bbox 1564 3635 1678 3706; x_wconf 81' lang='lat' dir='ltr'>apostoli</span> <span class='ocrx_word' id='word_1_671' title='bbox 1691 3635 1740 3691; x_wconf 82' lang='lat' dir='ltr'>de·</span> 
     </span>
     <span class='ocr_line' id='line_1_97' title="bbox 952 3728 1752 3795; baseline 0.003 -11"><span class='ocrx_word' id='word_1_672' title='bbox 952 3729 1015 3784; x_wconf 84' lang='lat' dir='ltr'>beas</span> <span class='ocrx_word' id='word_1_673' title='bbox 1029 3732 1121 3785; x_wconf 81' lang='lat' dir='ltr'>tenire</span> <span class='ocrx_word' id='word_1_674' title='bbox 1143 3729 1317 3784; x_wconf 90' lang='lat' dir='ltr'>consortium.</span> <span class='ocrx_word' id='word_1_675' title='bbox 1335 3728 1422 3785; x_wconf 87' lang='lat' dir='ltr'>liobes</span> <span class='ocrx_word' id='word_1_676' title='bbox 1446 3728 1547 3785; x_wconf 88' lang='lat' dir='ltr'>itineris</span> <span class='ocrx_word' id='word_1_677' title='bbox 1567 3729 1604 3784; x_wconf 92' lang='lat' dir='ltr'>tui</span> <span class='ocrx_word' id='word_1_678' title='bbox 1628 3729 1752 3795; x_wconf 83' lang='lat' dir='ltr'>ducem,¹</span> 
     </span>
     <span class='ocr_line' id='line_1_98' title="bbox 952 3819 1756 3890; baseline 0 -15"><span class='ocrx_word' id='word_1_679' title='bbox 952 3834 1030 3890; x_wconf 87' lang='lat' dir='ltr'>quern</span> <span class='ocrx_word' id='word_1_680' title='bbox 1047 3831 1073 3874; x_wconf 89' lang='lat' dir='ltr'>tc</span> <span class='ocrx_word' id='word_1_681' title='bbox 1084 3822 1138 3889; x_wconf 81' lang='lat' dir='ltr'>jann</span> <span class='ocrx_word' id='word_1_682' title='bbox 1152 3820 1226 3888; x_wconf 85' lang='lat' dir='ltr'>sequi</span> <span class='ocrx_word' id='word_1_683' title='bbox 1240 3820 1353 3887; x_wconf 88' lang='lat' dir='ltr'>asseris,</span> <span class='ocrx_word' id='word_1_684' title='bbox 1373 3819 1543 3875; x_wconf 84' lang='lat' dir='ltr'>Chalcedone</span> <span class='ocrx_word' id='word_1_685' title='bbox 1561 3819 1678 3875; x_wconf 88' lang='lat' dir='ltr'>lubitum</span> <span class='ocrx_word' id='word_1_686' title='bbox 1693 3835 1756 3890; x_wconf 90' lang='lat' dir='ltr'>pro-</span> 
     </span>
     <span class='ocr_line' id='line_1_99' title="bbox 953 3913 1752 3984; baseline 0.004 -17"><span class='ocrx_word' id='word_1_687' title='bbox 953 3913 1080 3983; x_wconf 77' lang='lat' dir='ltr'>religiuuc</span> <span class='ocrx_word' id='word_1_688' title='bbox 1103 3920 1273 3968; x_wconf 86' lang='lat' dir='ltr'>contentum.</span> <span class='ocrx_word' id='word_1_689' title='bbox 1299 3913 1357 3968; x_wconf 89' lang='lat' dir='ltr'>lam</span> <span class='ocrx_word' id='word_1_690' title='bbox 1384 3922 1409 3969; x_wconf 91' lang='lat' dir='ltr'>te</span> <span class='ocrx_word' id='word_1_691' title='bbox 1431 3929 1552 3984; x_wconf 89' lang='lat' dir='ltr'>quoque,</span> <span class='ocrx_word' id='word_1_692' title='bbox 1575 3914 1645 3984; x_wconf 88' lang='lat' dir='ltr'>quud</span> <span class='ocrx_word' id='word_1_693' title='bbox 1668 3914 1752 3970; x_wconf 82' lang='lat' dir='ltr'>idem</span> 
     </span>
     <span class='ocr_line' id='line_1_100' title="bbox 952 4002 1754 4076; baseline -0.004 -18"><span class='ocrx_word' id='word_1_694' title='bbox 952 4005 1077 4075; x_wconf 91' lang='lat' dir='ltr'>amplecti</span> <span class='ocrx_word' id='word_1_695' title='bbox 1091 4015 1204 4060; x_wconf 86' lang='lat' dir='ltr'>testatus</span> <span class='ocrx_word' id='word_1_696' title='bbox 1218 4020 1259 4074; x_wconf 90' lang='lat' dir='ltr'>es,</span> <span class='ocrx_word' id='word_1_697' title='bbox 1275 4002 1345 4060; x_wconf 86' lang='lat' dir='ltr'>beari</span> <span class='ocrx_word' id='word_1_698' title='bbox 1362 4004 1459 4060; x_wconf 84' lang='lat' dir='ltr'>Leonis</span> <span class='ocrx_word' id='word_1_699' title='bbox 1473 4006 1629 4060; x_wconf 88' lang='lat' dir='ltr'>redeuutem</span> <span class='ocrx_word' id='word_1_700' title='bbox 1644 4004 1754 4076; x_wconf 87' lang='lat' dir='ltr'>dogma.</span> 
     </span>
     <span class='ocr_line' id='line_1_101' title="bbox 952 4096 1756 4166; baseline 0.001 -14"><span class='ocrx_word' id='word_1_701' title='bbox 952 4096 1133 4152; x_wconf 84' lang='lat' dir='ltr'>cutnitabitur.</span> <span class='ocrx_word' id='word_1_702' title='bbox 1146 4097 1209 4152; x_wconf 80' lang='lat' dir='ltr'>liuc</span> <span class='ocrx_word' id='word_1_703' title='bbox 1223 4099 1245 4152; x_wconf 91' lang='lat' dir='ltr'>si</span> <span class='ocrx_word' id='word_1_704' title='bbox 1259 4099 1374 4166; x_wconf 87' lang='lat' dir='ltr'>placent,</span> <span class='ocrx_word' id='word_1_705' title='bbox 1391 4098 1480 4152; x_wconf 82' lang='lat' dir='ltr'>ticacii</span> <span class='ocrx_word' id='word_1_706' title='bbox 1492 4097 1612 4153; x_wconf 86' lang='lat' dir='ltr'>delensis</span> <span class='ocrx_word' id='word_1_707' title='bbox 1623 4097 1756 4153; x_wconf 74' lang='lat' dir='ltr'>damuati·-</span> 
     </span>
     <span class='ocr_line' id='line_1_102' title="bbox 953 4187 1756 4258; baseline -0.001 -15"><span class='ocrx_word' id='word_1_708' title='bbox 953 4204 1006 4243; x_wconf 93' lang='lat' dir='ltr'>nott</span> <span class='ocrx_word' id='word_1_709' title='bbox 1021 4189 1146 4258; x_wconf 83' lang='lat' dir='ltr'>placeat:</span> <span class='ocrx_word' id='word_1_710' title='bbox 1163 4189 1213 4241; x_wconf 90' lang='lat' dir='ltr'>boc</span> <span class='ocrx_word' id='word_1_711' title='bbox 1228 4191 1353 4257; x_wconf 86' lang='lat' dir='ltr'>estquod</span> <span class='ocrx_word' id='word_1_712' title='bbox 1376 4189 1439 4243; x_wconf 90' lang='lat' dir='ltr'>boni</span> <span class='ocrx_word' id='word_1_713' title='bbox 1452 4189 1536 4243; x_wconf 90' lang='lat' dir='ltr'>studii</span> <span class='ocrx_word' id='word_1_714' title='bbox 1550 4205 1563 4242; x_wconf 93' lang='lat' dir='ltr'>a</span> <span class='ocrx_word' id='word_1_715' title='bbox 1578 4187 1756 4258; x_wconf 79' lang='lat' dir='ltr'>perfectione·</span> 
     </span>
     <span class='ocr_line' id='line_1_103' title="bbox 954 4279 1754 4350; baseline 0 -16"><span class='ocrx_word' id='word_1_716' title='bbox 954 4291 1014 4335; x_wconf 88' lang='lat' dir='ltr'>vota</span> <span class='ocrx_word' id='word_1_717' title='bbox 1029 4279 1179 4350; x_wconf 90' lang='lat' dir='ltr'>suspendit.</span> <span class='ocrx_word' id='word_1_718' title='bbox 1200 4280 1229 4334; x_wconf 88' lang='lat' dir='ltr'>Si</span> <span class='ocrx_word' id='word_1_719' title='bbox 1253 4289 1316 4335; x_wconf 92' lang='lat' dir='ltr'>sunt</span> <span class='ocrx_word' id='word_1_720' title='bbox 1331 4281 1402 4335; x_wconf 88' lang='lat' dir='ltr'>enim</span> <span class='ocrx_word' id='word_1_721' title='bbox 1427 4280 1472 4334; x_wconf 91' lang='lat' dir='ltr'>illa</span> <span class='ocrx_word' id='word_1_722' title='bbox 1492 4281 1632 4335; x_wconf 83' lang='lat' dir='ltr'>aduersum</span> <span class='ocrx_word' id='word_1_723' title='bbox 1652 4280 1699 4336; x_wconf 85' lang='lat' dir='ltr'>bet</span> <span class='ocrx_word' id='word_1_724' title='bbox 1714 4288 1754 4335; x_wconf 76' lang='lat' dir='ltr'>et.</span> 
     </span>
     <span class='ocr_line' id='line_1_104' title="bbox 954 4370 1754 4455; baseline -0.008 -28"><span class='ocrx_word' id='word_1_725' title='bbox 954 4373 1021 4442; x_wconf 86' lang='lat' dir='ltr'>legis</span> <span class='ocrx_word' id='word_1_726' title='bbox 1035 4373 1093 4441; x_wconf 87' lang='lat' dir='ltr'>ejus</span> <span class='ocrx_word' id='word_1_727' title='bbox 1116 4372 1239 4426; x_wconf 89' lang='lat' dir='ltr'>inimicos</span> <span class='ocrx_word' id='word_1_728' title='bbox 1260 4370 1450 4426; x_wconf 82' lang='lat' dir='ltr'>uenerabilium</span> <span class='ocrx_word' id='word_1_729' title='bbox 1472 4371 1579 4425; x_wconf 82' lang='lat' dir='ltr'>Patrum</span> <span class='ocrx_word' id='word_1_730' title='bbox 1594 4385 1754 4455; x_wconf 65' lang='lat' dir='ltr'>congrega-⁴</span> 
     </span>
    </p>
   </div>
   <div class='ocr_carea' id='block_1_23' title="bbox 953 4545 1742 5167">
    <p class='ocr_par' dir='ltr' id='par_1_26' title="bbox 953 4545 1742 5167">
     <span class='ocr_line' id='line_1_105' title="bbox 954 4545 1742 4624; baseline -0.013 -16"><span class='ocrx_word' id='word_1_731' title='bbox 954 4564 1091 4624; x_wconf 80' lang='lat' dir='ltr'>queretur,</span> <span class='ocrx_word' id='word_1_732' title='bbox 1105 4553 1159 4621; x_wconf 85' lang='lat' dir='ltr'>jam</span> <span class='ocrx_word' id='word_1_733' title='bbox 1175 4561 1237 4607; x_wconf 91' lang='lat' dir='ltr'>tuuc</span> <span class='ocrx_word' id='word_1_734' title='bbox 1252 4552 1331 4606; x_wconf 89' lang='lat' dir='ltr'>latam</span> <span class='ocrx_word' id='word_1_735' title='bbox 1346 4551 1447 4605; x_wconf 90' lang='lat' dir='ltr'>subiret</span> <span class='ocrx_word' id='word_1_736' title='bbox 1467 4550 1493 4604; x_wconf 92' lang='lat' dir='ltr'>in</span> <span class='ocrx_word' id='word_1_737' title='bbox 1510 4564 1556 4603; x_wconf 86' lang='lat' dir='ltr'>sna</span> <span class='ocrx_word' id='word_1_738' title='bbox 1569 4545 1742 4601; x_wconf 88' lang='lat' dir='ltr'>damnatione</span> 
     </span>
     <span class='ocr_line' id='line_1_106' title="bbox 954 4641 1742 4711; baseline -0.01 -13"><span class='ocrx_word' id='word_1_739' title='bbox 954 4643 1131 4707; x_wconf 89' lang='lat' dir='ltr'>seutentiam;</span> <span class='ocrx_word' id='word_1_740' title='bbox 1157 4658 1209 4697; x_wconf 94' lang='lat' dir='ltr'>non</span> <span class='ocrx_word' id='word_1_741' title='bbox 1233 4649 1295 4696; x_wconf 89' lang='lat' dir='ltr'>sunt</span> <span class='ocrx_word' id='word_1_742' title='bbox 1316 4641 1397 4711; x_wconf 86' lang='lat' dir='ltr'>igitur</span> <span class='ocrx_word' id='word_1_743' title='bbox 1417 4654 1484 4694; x_wconf 88' lang='lat' dir='ltr'>nora</span> <span class='ocrx_word' id='word_1_744' title='bbox 1507 4652 1567 4708; x_wconf 80' lang='lat' dir='ltr'>quae</span> <span class='ocrx_word' id='word_1_745' title='bbox 1588 4643 1742 4690; x_wconf 87' lang='lat' dir='ltr'>constanter</span> 
     </span>
     <span class='ocr_line' id='line_1_107' title="bbox 954 4725 1741 4802; baseline -0.013 -12"><span class='ocrx_word' id='word_1_746' title='bbox 954 4733 1134 4802; x_wconf 78' lang='lat' dir='ltr'>exsequimur,</span> <span class='ocrx_word' id='word_1_747' title='bbox 1151 4732 1198 4787; x_wconf 88' lang='lat' dir='ltr'>sed</span> <span class='ocrx_word' id='word_1_748' title='bbox 1215 4732 1382 4801; x_wconf 89' lang='lat' dir='ltr'>temporibus</span> <span class='ocrx_word' id='word_1_749' title='bbox 1405 4732 1459 4787; x_wconf 92' lang='lat' dir='ltr'>illis</span> <span class='ocrx_word' id='word_1_750' title='bbox 1480 4729 1548 4784; x_wconf 86' lang='lat' dir='ltr'>iacta</span> <span class='ocrx_word' id='word_1_751' title='bbox 1561 4726 1658 4797; x_wconf 71' lang='lat' dir='ltr'>iusticia</span> <span class='ocrx_word' id='word_1_752' title='bbox 1670 4725 1741 4796; x_wconf 84' lang='lat' dir='ltr'>justat</span> 
     </span>
     <span class='ocr_line' id='line_1_108' title="bbox 957 4817 1739 4887; baseline -0.01 -9"><span class='ocrx_word' id='word_1_753' title='bbox 957 4823 1063 4878; x_wconf 79' lang='lat' dir='ltr'>l’atrum</span> <span class='ocrx_word' id='word_1_754' title='bbox 1086 4822 1276 4878; x_wconf 85' lang='lat' dir='ltr'>constitutione</span> <span class='ocrx_word' id='word_1_755' title='bbox 1296 4834 1444 4875; x_wconf 83' lang='lat' dir='ltr'>servamus.</span> <span class='ocrx_word' id='word_1_756' title='bbox 1467 4819 1610 4874; x_wconf 81' lang='lat' dir='ltr'>Hortamur</span> <span class='ocrx_word' id='word_1_757' title='bbox 1633 4817 1739 4887; x_wconf 89' lang='lat' dir='ltr'>itaque,</span> 
     </span>
     <span class='ocr_line' id='line_1_109' title="bbox 956 4907 1729 4980; baseline -0.008 -13"><span class='ocrx_word' id='word_1_758' title='bbox 956 4916 1048 4980; x_wconf 86' lang='lat' dir='ltr'>trater,</span> <span class='ocrx_word' id='word_1_759' title='bbox 1061 4923 1089 4968; x_wconf 91' lang='lat' dir='ltr'>et</span> <span class='ocrx_word' id='word_1_760' title='bbox 1102 4921 1217 4969; x_wconf 88' lang='lat' dir='ltr'>mentem</span> <span class='ocrx_word' id='word_1_761' title='bbox 1232 4922 1303 4967; x_wconf 89' lang='lat' dir='ltr'>tuam</span> <span class='ocrx_word' id='word_1_762' title='bbox 1317 4911 1363 4966; x_wconf 86' lang='lat' dir='ltr'>Dei</span> <span class='ocrx_word' id='word_1_763' title='bbox 1376 4912 1459 4966; x_wconf 90' lang='lat' dir='ltr'>nostri</span> <span class='ocrx_word' id='word_1_764' title='bbox 1474 4908 1655 4964; x_wconf 88' lang='lat' dir='ltr'>misericordia</span> <span class='ocrx_word' id='word_1_765' title='bbox 1667 4907 1729 4977; x_wconf 79' lang='lat' dir='ltr'>adju</span> 
     </span>
     <span class='ocr_line' id='line_1_110' title="bbox 953 4999 1732 5073; baseline -0.009 -16"><span class='ocrx_word' id='word_1_766' title='bbox 953 5014 1030 5059; x_wconf 89' lang='lat' dir='ltr'>rattte</span> <span class='ocrx_word' id='word_1_767' title='bbox 1045 5005 1198 5073; x_wconf 87' lang='lat' dir='ltr'>pulsamus,</span> <span class='ocrx_word' id='word_1_768' title='bbox 1222 5014 1250 5057; x_wconf 95' lang='lat' dir='ltr'>ut</span> <span class='ocrx_word' id='word_1_769' title='bbox 1264 5003 1297 5057; x_wconf 88' lang='lat' dir='ltr'>ab</span> <span class='ocrx_word' id='word_1_770' title='bbox 1310 5001 1383 5056; x_wconf 91' lang='lat' dir='ltr'>outui</span> <span class='ocrx_word' id='word_1_771' title='bbox 1399 5012 1424 5056; x_wconf 89' lang='lat' dir='ltr'>te</span> <span class='ocrx_word' id='word_1_772' title='bbox 1445 4999 1629 5056; x_wconf 79' lang='lat' dir='ltr'>bureticorum</span> <span class='ocrx_word' id='word_1_773' title='bbox 1643 5008 1732 5055; x_wconf 87' lang='lat' dir='ltr'>couta-</span> 
     </span>
     <span class='ocr_line' id='line_1_111' title="bbox 953 5087 1739 5167; baseline -0.013 -17"><span class='ocrx_word' id='word_1_774' title='bbox 953 5097 1045 5167; x_wconf 82' lang='lat' dir='ltr'>giouu,</span> <span class='ocrx_word' id='word_1_775' title='bbox 1064 5095 1189 5150; x_wconf 78' lang='lat' dir='ltr'>Acacium</span> <span class='ocrx_word' id='word_1_776' title='bbox 1208 5109 1268 5149; x_wconf 95' lang='lat' dir='ltr'>cum</span> <span class='ocrx_word' id='word_1_777' title='bbox 1282 5092 1440 5162; x_wconf 87' lang='lat' dir='ltr'>sequacibus</span> <span class='ocrx_word' id='word_1_778' title='bbox 1453 5091 1509 5147; x_wconf 89' lang='lat' dir='ltr'>suis</span> <span class='ocrx_word' id='word_1_779' title='bbox 1524 5087 1739 5152; x_wconf 89' lang='lat' dir='ltr'>condemnando,</span> 
     </span>
    </p>
   </div>
   <div class='ocr_carea' id='block_1_24' title="bbox 956 5227 1739 5435">
    <p class='ocr_par' dir='ltr' id='par_1_27' title="bbox 956 5227 1739 5435">
     <span class='ocr_line' id='line_1_112' title="bbox 988 5227 1736 5298; baseline -0.003 -13"><span class='ocrx_word' id='word_1_780' title='bbox 988 5232 1002 5269; x_wconf 70' lang='lat' dir='ltr'>b</span> <span class='ocrx_word' id='word_1_781' title='bbox 1020 5231 1180 5298; x_wconf 79' lang='lat' dir='ltr'>Ettpltemia,</span> <span class='ocrx_word' id='word_1_782' title='bbox 1196 5228 1291 5295; x_wconf 83' lang='lat' dir='ltr'>conjnx</span> <span class='ocrx_word' id='word_1_783' title='bbox 1306 5227 1401 5282; x_wconf 80' lang='lat' dir='ltr'>iustiui</span> <span class='ocrx_word' id='word_1_784' title='bbox 1415 5228 1602 5296; x_wconf 82' lang='lat' dir='ltr'>imperatoris,</span> <span class='ocrx_word' id='word_1_785' title='bbox 1625 5229 1736 5296; x_wconf 89' lang='lat' dir='ltr'>insignis</span> 
     </span>
     <span class='ocr_line' id='line_1_113' title="bbox 956 5297 1739 5368; baseline -0.004 -15"><span class='ocrx_word' id='word_1_786' title='bbox 956 5302 1052 5368; x_wconf 84' lang='lat' dir='ltr'>pietate</span> <span class='ocrx_word' id='word_1_787' title='bbox 1063 5300 1171 5364; x_wconf 87' lang='lat' dir='ltr'>l&#39;emina,</span> <span class='ocrx_word' id='word_1_788' title='bbox 1184 5306 1260 5351; x_wconf 86' lang='lat' dir='ltr'>antea</span> <span class='ocrx_word' id='word_1_789' title='bbox 1273 5297 1399 5366; x_wconf 85' lang='lat' dir='ltr'>Lupicina</span> <span class='ocrx_word' id='word_1_790' title='bbox 1410 5298 1545 5352; x_wconf 91' lang='lat' dir='ltr'>nominata</span> <span class='ocrx_word' id='word_1_791' title='bbox 1559 5300 1615 5352; x_wconf 91' lang='lat' dir='ltr'>luit.</span> <span class='ocrx_word' id='word_1_792' title='bbox 1627 5297 1739 5364; x_wconf 77' lang='lat' dir='ltr'>Quautlo</span> 
     </span>
     <span class='ocr_line' id='line_1_114' title="bbox 957 5367 1739 5435; baseline -0.001 -13"><span class='ocrx_word' id='word_1_793' title='bbox 957 5386 1019 5425; x_wconf 85' lang='lat' dir='ltr'>reru</span> <span class='ocrx_word' id='word_1_794' title='bbox 1037 5369 1158 5422; x_wconf 86' lang='lat' dir='ltr'>lustinus</span> <span class='ocrx_word' id='word_1_795' title='bbox 1179 5368 1322 5435; x_wconf 86' lang='lat' dir='ltr'>imperator</span> <span class='ocrx_word' id='word_1_796' title='bbox 1335 5368 1420 5421; x_wconf 89' lang='lat' dir='ltr'>lactus</span> <span class='ocrx_word' id='word_1_797' title='bbox 1434 5376 1490 5430; x_wconf 91' lang='lat' dir='ltr'>est,</span> <span class='ocrx_word' id='word_1_798' title='bbox 1506 5367 1612 5421; x_wconf 90' lang='lat' dir='ltr'>nomine</span> <span class='ocrx_word' id='word_1_799' title='bbox 1633 5367 1739 5433; x_wconf 82' lang='lat' dir='ltr'>Ettpltc·</span> 
     </span>
    </p>
   </div>
   <div class='ocr_carea' id='block_1_25' title="bbox 937 5437 1737 5507">
    <p class='ocr_par' dir='ltr' id='par_1_28' title="bbox 937 5437 1737 5507">
     <span class='ocr_line' id='line_1_115' title="bbox 937 5437 1737 5507; baseline -0.009 -15"><span class='ocrx_word' id='word_1_800' title='bbox 937 5441 1013 5492; x_wconf 58' lang='lat' dir='ltr'>‘miae</span> <span class='ocrx_word' id='word_1_801' title='bbox 1035 5440 1145 5492; x_wconf 85' lang='lat' dir='ltr'>illustris</span> <span class='ocrx_word' id='word_1_802' title='bbox 1166 5437 1306 5507; x_wconf 83' lang='lat' dir='ltr'>martyris,</span> <span class='ocrx_word' id='word_1_803' title='bbox 1329 5439 1354 5492; x_wconf 92' lang='lat' dir='ltr'>io</span> <span class='ocrx_word' id='word_1_804' title='bbox 1377 5437 1454 5507; x_wconf 82' lang='lat' dir='ltr'>cujus</span> <span class='ocrx_word' id='word_1_805' title='bbox 1469 5438 1576 5491; x_wconf 88' lang='lat' dir='ltr'>basilica</span> <span class='ocrx_word' id='word_1_806' title='bbox 1594 5437 1737 5491; x_wconf 68' lang='lat' dir='ltr'>tlttnlccdtt·</span> 
     </span>
    </p>
   </div>
   <div class='ocr_carea' id='block_1_26' title="bbox 952 5505 1742 5849">
    <p class='ocr_par' dir='ltr' id='par_1_29' title="bbox 952 5505 1742 5849">
     <span class='ocr_line' id='line_1_116' title="bbox 953 5505 1739 5574; baseline -0.006 -12"><span class='ocrx_word' id='word_1_807' title='bbox 953 5523 1036 5564; x_wconf 73' lang='lat' dir='ltr'>nense</span> <span class='ocrx_word' id='word_1_808' title='bbox 1048 5508 1188 5562; x_wconf 73' lang='lat' dir='ltr'>concilium</span> <span class='ocrx_word' id='word_1_809' title='bbox 1209 5507 1370 5562; x_wconf 88' lang='lat' dir='ltr'>celebratum</span> <span class='ocrx_word' id='word_1_810' title='bbox 1395 5508 1496 5569; x_wconf 87' lang='lat' dir='ltr'>lucrat,</span> <span class='ocrx_word' id='word_1_811' title='bbox 1511 5505 1650 5574; x_wconf 80' lang='lat' dir='ltr'>conputus</span> <span class='ocrx_word' id='word_1_812' title='bbox 1663 5520 1739 5560; x_wconf 86' lang='lat' dir='ltr'>suant</span> 
     </span>
     <span class='ocr_line' id='line_1_117' title="bbox 954 5575 1734 5650; baseline -0.004 -18"><span class='ocrx_word' id='word_1_813' title='bbox 954 5581 1059 5650; x_wconf 88' lang='lat' dir='ltr'>pietatis</span> <span class='ocrx_word' id='word_1_814' title='bbox 1080 5592 1144 5646; x_wconf 86' lang='lat' dir='ltr'>ergo</span> <span class='ocrx_word' id='word_1_815' title='bbox 1164 5576 1292 5645; x_wconf 89' lang='lat' dir='ltr'>appellari</span> <span class='ocrx_word' id='word_1_816' title='bbox 1314 5577 1413 5637; x_wconf 86' lang='lat' dir='ltr'>rolttit,</span> <span class='ocrx_word' id='word_1_817' title='bbox 1437 5585 1577 5637; x_wconf 85' lang='lat' dir='ltr'>atttcuumtt</span> <span class='ocrx_word' id='word_1_818' title='bbox 1597 5575 1668 5630; x_wconf 87' lang='lat' dir='ltr'>illam</span> <span class='ocrx_word' id='word_1_819' title='bbox 1685 5577 1734 5629; x_wconf 78' lang='lat' dir='ltr'>du·</span> 
     </span>
     <span class='ocr_line' id='line_1_118' title="bbox 952 5645 1741 5716; baseline -0.001 -15"><span class='ocrx_word' id='word_1_820' title='bbox 952 5658 1035 5716; x_wconf 82' lang='lat' dir='ltr'>gustu</span> <span class='ocrx_word' id='word_1_821' title='bbox 1060 5648 1135 5700; x_wconf 90' lang='lat' dir='ltr'>tituto</span> <span class='ocrx_word' id='word_1_822' title='bbox 1150 5647 1298 5701; x_wconf 84' lang='lat' dir='ltr'>decoraret.</span> <span class='ocrx_word' id='word_1_823' title='bbox 1313 5646 1431 5699; x_wconf 84' lang='lat' dir='ltr'>zonaras</span> <span class='ocrx_word' id='word_1_824' title='bbox 1446 5653 1472 5698; x_wconf 91' lang='lat' dir='ltr'>et</span> <span class='ocrx_word' id='word_1_825' title='bbox 1493 5645 1629 5700; x_wconf 83' lang='lat' dir='ltr'>cedrenus</span> <span class='ocrx_word' id='word_1_826' title='bbox 1644 5645 1670 5699; x_wconf 92' lang='lat' dir='ltr'>in</span> <span class='ocrx_word' id='word_1_827' title='bbox 1693 5645 1741 5700; x_wconf 84' lang='lat' dir='ltr'>lu·</span> 
     </span>
     <span class='ocr_line' id='line_1_119' title="bbox 953 5716 1230 5775; baseline -0.007 0"><span class='ocrx_word' id='word_1_828' title='bbox 953 5720 1032 5775; x_wconf 87' lang='lat' dir='ltr'>stiuo.</span> <span class='ocrx_word' id='word_1_829' title='bbox 1048 5716 1113 5772; x_wconf 83' lang='lat' dir='ltr'>Set.</span> <span class='ocrx_word' id='word_1_830' title='bbox 1130 5717 1230 5773; x_wconf 86' lang='lat' dir='ltr'>bouus.</span> 
     </span>
     <span class='ocr_line' id='line_1_120' title="bbox 989 5783 1742 5849; baseline -0.001 -6"><span class='ocrx_word' id='word_1_831' title='bbox 989 5783 1742 5849; x_wconf 78' lang='lat' dir='ltr'>⁴lielena,Constarttinimater.Cbtisticrttteminrsrit·</span> 
     </span>
    </p>
   </div>
   <div class='ocr_carea' id='block_1_27' title="bbox 0 0 1967 6180">
    <p class='ocr_par' dir='ltr' id='par_1_30' title="bbox 0 0 1967 6180">
     <span class='ocr_line' id='line_1_121' title="bbox 0 0 1967 6180; baseline 0 0"><span class='ocrx_word' id='word_1_832' title='bbox 0 0 1967 6180; x_wconf 95' lang='lat' dir='ltr'> </span> 
     </span>
    </p>
   </div>
  </div>
 </body>
</html>
