<?xml version="1.0" encoding="UTF-8"?>
<!DOCTYPE html PUBLIC "-//W3C//DTD XHTML 1.0 Transitional//EN"
    "http://www.w3.org/TR/xhtml1/DTD/xhtml1-transitional.dtd">
<html xmlns="http://www.w3.org/1999/xhtml" xml:lang="en" lang="en">
 <head>
  <title>
</title>
<meta http-equiv="Content-Type" content="text/html;charset=utf-8" />
  <meta name='ocr-system' content='tesseract 3.04.00' />
  <meta name='ocr-capabilities' content='ocr_page ocr_carea ocr_par ocr_line ocrx_word'/>
</head>
<body>
  <div class='ocr_page' id='page_1' title='image "./patrologiaecurs47unkngoog_0473.png"; bbox 0 0 3906 6180; ppageno 0'>
   <div class='ocr_carea' id='block_1_1' title="bbox 229 323 287 392">
    <p class='ocr_par' dir='ltr' id='par_1_1' title="bbox 229 323 287 392">
     <span class='ocr_line' id='line_1_1' title="bbox 229 323 287 392; baseline 0 -12"><span class='ocrx_word' id='word_1_1' title='bbox 229 323 287 392; x_wconf 53' lang='lat'><strong>,923</strong></span> 
     </span>
    </p>
   </div>
   <div class='ocr_carea' id='block_1_2' title="bbox 559 320 1538 380">
    <p class='ocr_par' dir='ltr' id='par_1_2' title="bbox 559 320 1538 380">
     <span class='ocr_line' id='line_1_2' title="bbox 559 320 1538 380; baseline -0.004 0"><span class='ocrx_word' id='word_1_2' title='bbox 559 321 730 380; x_wconf 79' lang='lat' dir='ltr'><strong>APPENDIX</strong></span> <span class='ocrx_word' id='word_1_3' title='bbox 750 323 795 377; x_wconf 80' lang='lat' dir='ltr'><strong>au</strong></span> <span class='ocrx_word' id='word_1_4' title='bbox 814 321 936 376; x_wconf 78' lang='lat' dir='ltr'><strong>Ltttttus</strong></span> <span class='ocrx_word' id='word_1_5' title='bbox 957 321 999 374; x_wconf 82' lang='lat' dir='ltr'><strong>DE</strong></span> <span class='ocrx_word' id='word_1_6' title='bbox 1017 320 1273 378; x_wconf 72' lang='lat' dir='ltr'><strong>consotttton&#39;e</strong></span> <span class='ocrx_word' id='word_1_7' title='bbox 1294 321 1538 378; x_wconf 81' lang='lat' dir='ltr'><strong>PlilLOSOPlllAE.</strong></span> 
     </span>
    </p>
   </div>
   <div class='ocr_carea' id='block_1_3' title="bbox 1811 327 1860 382">
    <p class='ocr_par' dir='ltr' id='par_1_3' title="bbox 1811 327 1860 382">
     <span class='ocr_line' id='line_1_3' title="bbox 1811 327 1860 382; baseline 0.02 -1"><span class='ocrx_word' id='word_1_8' title='bbox 1811 327 1860 382; x_wconf 77' lang='lat' dir='ltr'><strong>att</strong></span> 
     </span>
    </p>
   </div>
   <div class='ocr_carea' id='block_1_4' title="bbox 235 433 1857 509">
    <p class='ocr_par' dir='ltr' id='par_1_4' title="bbox 235 433 1857 509">
     <span class='ocr_line' id='line_1_4' title="bbox 235 433 1857 509; baseline 0 -18"><span class='ocrx_word' id='word_1_9' title='bbox 235 447 280 493; x_wconf 87' lang='lat' dir='ltr'><strong>aut</strong></span> <span class='ocrx_word' id='word_1_10' title='bbox 299 452 447 493; x_wconf 87' lang='lat' dir='ltr'><strong>numerosae</strong></span> <span class='ocrx_word' id='word_1_11' title='bbox 469 439 495 492; x_wconf 92' lang='lat' dir='ltr'><strong>in</strong></span> <span class='ocrx_word' id='word_1_12' title='bbox 517 452 598 491; x_wconf 90' lang='lat' dir='ltr'><strong>unum</strong></span> <span class='ocrx_word' id='word_1_13' title='bbox 621 435 779 505; x_wconf 90' lang='lat' dir='ltr'><strong>principium</strong></span> <span class='ocrx_word' id='word_1_14' title='bbox 794 434 865 488; x_wconf 85' lang='lat' dir='ltr'><strong>uelut</strong></span> <span class='ocrx_word' id='word_1_15' title='bbox 877 442 956 502; x_wconf 93' lang='lat' dir='ltr'><strong>caput</strong></span> <span class='ocrx_word' id='word_1_16' title='bbox 969 448 1021 501; x_wconf 82' lang='lat' dir='ltr'><strong>quo</strong></span> <span class='ocrx_word' id='word_1_17' title='bbox 1035 433 1061 491; x_wconf 81' lang='grc' dir='ltr'><strong>Α</strong></span> <span class='ocrx_word' id='word_1_18' title='bbox 1073 434 1179 501; x_wconf 83' lang='lat' dir='ltr'><strong>quidem</strong></span> <span class='ocrx_word' id='word_1_19' title='bbox 1196 445 1220 486; x_wconf 86' lang='lat' dir='ltr'><strong>ct</strong></span> <span class='ocrx_word' id='word_1_20' title='bbox 1233 436 1329 488; x_wconf 87' lang='lat' dir='ltr'><strong>nctasa</strong></span> <span class='ocrx_word' id='word_1_21' title='bbox 1342 434 1421 487; x_wconf 83' lang='lat' dir='ltr'><strong>luttdo</strong></span> <span class='ocrx_word' id='word_1_22' title='bbox 1436 435 1569 490; x_wconf 87' lang='lat' dir='ltr'><strong>dicuntur.</strong></span> <span class='ocrx_word' id='word_1_23' title='bbox 1581 435 1658 491; x_wconf 84' lang='lat' dir='ltr'>Unde</span> <span class='ocrx_word' id='word_1_24' title='bbox 1668 437 1797 509; x_wconf 79' lang='lat' dir='ltr'><strong>Virgilius</strong></span> <span class='ocrx_word' id='word_1_25' title='bbox 1813 440 1857 493; x_wconf 81' lang='grc' dir='ltr'><strong>ιιι</strong></span> 
     </span>
    </p>
   </div>
   <div class='ocr_carea' id='block_1_5' title="bbox 234 524 1020 846">
    <p class='ocr_par' dir='ltr' id='par_1_5' title="bbox 234 524 1020 846">
     <span class='ocr_line' id='line_1_5' title="bbox 235 524 1020 596; baseline -0.003 -16"><span class='ocrx_word' id='word_1_26' title='bbox 235 527 336 596; x_wconf 76' lang='lat' dir='ltr'><strong>reliqua</strong></span> <span class='ocrx_word' id='word_1_27' title='bbox 352 529 440 581; x_wconf 90' lang='lat' dir='ltr'><strong>omnia</strong></span> <span class='ocrx_word' id='word_1_28' title='bbox 455 526 633 580; x_wconf 90' lang='lat' dir='ltr'><strong>continentur.</strong></span> <span class='ocrx_word' id='word_1_29' title='bbox 648 524 755 580; x_wconf 83' lang='lat' dir='ltr'><strong>Gornel.</strong></span> <span class='ocrx_word' id='word_1_30' title='bbox 767 525 893 579; x_wconf 81' lang='lat' dir='ltr'>Tacitus:</span> <span class='ocrx_word' id='word_1_31' title='bbox 910 524 1020 578; x_wconf 83' lang='lat' dir='ltr'><strong>Flaccus</strong></span> 
     </span>
     <span class='ocr_line' id='line_1_6' title="bbox 235 613 1019 683; baseline -0.005 -15"><span class='ocrx_word' id='word_1_32' title='bbox 235 628 366 669; x_wconf 88' lang='lat' dir='ltr'><strong>summum</strong></span> <span class='ocrx_word' id='word_1_33' title='bbox 385 629 474 669; x_wconf 87' lang='lat' dir='ltr'><strong>rerum</strong></span> <span class='ocrx_word' id='word_1_34' title='bbox 489 613 513 667; x_wconf 91' lang='lat' dir='ltr'><strong>ei</strong></span> <span class='ocrx_word' id='word_1_35' title='bbox 533 614 653 683; x_wconf 79' lang='lat' dir='ltr'><strong>permisit</strong></span> <span class='ocrx_word' id='word_1_36' title='bbox 664 629 672 679; x_wconf 87' lang='lat'><strong>;</strong></span> <span class='ocrx_word' id='word_1_37' title='bbox 683 615 722 669; x_wconf 93' lang='lat' dir='ltr'><strong>sic</strong></span> <span class='ocrx_word' id='word_1_38' title='bbox 743 623 770 669; x_wconf 94' lang='lat' dir='ltr'><strong>et</strong></span> <span class='ocrx_word' id='word_1_39' title='bbox 784 614 901 682; x_wconf 83' lang='lat' dir='ltr'><strong>pecunito</strong></span> <span class='ocrx_word' id='word_1_40' title='bbox 913 624 958 666; x_wconf 92' lang='lat' dir='ltr'><strong>aut</strong></span> <span class='ocrx_word' id='word_1_41' title='bbox 975 627 1019 665; x_wconf 91' lang='lat' dir='ltr'><strong>ra-</strong></span> 
     </span>
     <span class='ocr_line' id='line_1_7' title="bbox 236 700 1019 769; baseline -0.003 -12"><span class='ocrx_word' id='word_1_42' title='bbox 236 703 338 757; x_wconf 89' lang='lat' dir='ltr'><strong>tionum</strong></span> <span class='ocrx_word' id='word_1_43' title='bbox 358 716 475 755; x_wconf 90' lang='lat' dir='ltr'><strong>summas</strong></span> <span class='ocrx_word' id='word_1_44' title='bbox 495 700 625 769; x_wconf 91' lang='lat' dir='ltr'><strong>dicimus,</strong></span> <span class='ocrx_word' id='word_1_45' title='bbox 642 704 693 758; x_wconf 89' lang='lat' dir='ltr'><strong>hoo</strong></span> <span class='ocrx_word' id='word_1_46' title='bbox 702 712 758 768; x_wconf 89' lang='lat' dir='ltr'><strong>est,</strong></span> <span class='ocrx_word' id='word_1_47' title='bbox 775 718 914 757; x_wconf 89' lang='lat' dir='ltr'><strong>numerum</strong></span> <span class='ocrx_word' id='word_1_48' title='bbox 937 701 1019 757; x_wconf 91' lang='lat' dir='ltr'><strong>colle-</strong></span> 
     </span>
     <span class='ocr_line' id='line_1_8' title="bbox 234 789 486 846; baseline -0.016 0"><span class='ocrx_word' id='word_1_49' title='bbox 234 799 316 846; x_wconf 90' lang='lat' dir='ltr'><strong>ctum.</strong></span> <span class='ocrx_word' id='word_1_50' title='bbox 331 789 466 845; x_wconf 82' lang='lat' dir='ltr'><strong>iuvenalis</strong></span> <span class='ocrx_word' id='word_1_51' title='bbox 480 808 486 842; x_wconf 95' lang='lat'>:</span> 
     </span>
    </p>
   </div>
   <div class='ocr_carea' id='block_1_6' title="bbox 301 883 1007 1008">
    <p class='ocr_par' dir='ltr' id='par_1_6' title="bbox 301 883 1007 1008">
     <span class='ocr_line' id='line_1_9' title="bbox 664 883 1007 943; baseline -0.006 -11"><span class='ocrx_word' id='word_1_52' title='bbox 664 883 779 943; x_wconf 76' lang='lat' dir='ltr'>Maiorem</span> <span class='ocrx_word' id='word_1_53' title='bbox 792 887 879 934; x_wconf 88' lang='lat' dir='ltr'><strong>tertius</strong></span> <span class='ocrx_word' id='word_1_54' title='bbox 890 884 931 931; x_wconf 92' lang='lat' dir='ltr'><strong>illo</strong></span> <span class='ocrx_word' id='word_1_55' title='bbox 1004 891 1007 898; x_wconf 90' lang='grc'><strong><em>·</em></strong></span> 
     </span>
     <span class='ocr_line' id='line_1_10' title="bbox 301 943 972 1008; baseline 0.003 -17"><span class='ocrx_word' id='word_1_56' title='bbox 301 943 432 1003; x_wconf 89' lang='lat' dir='ltr'><strong>Summam,</strong></span> <span class='ocrx_word' id='word_1_57' title='bbox 443 955 515 1006; x_wconf 88' lang='lat' dir='ltr'><strong>quam</strong></span> <span class='ocrx_word' id='word_1_58' title='bbox 528 944 615 1007; x_wconf 82' lang='lat' dir='ltr'><strong>patula</strong></span> <span class='ocrx_word' id='word_1_59' title='bbox 626 946 667 993; x_wconf 82' lang='lat' dir='ltr'><strong>vir</strong></span> <span class='ocrx_word' id='word_1_60' title='bbox 678 951 779 1008; x_wconf 76' lang='lat' dir='ltr'><strong>ceperat</strong></span> <span class='ocrx_word' id='word_1_61' title='bbox 789 945 891 1007; x_wconf 90' lang='lat' dir='ltr'><strong>angulus</strong></span> <span class='ocrx_word' id='word_1_62' title='bbox 901 957 972 994; x_wconf 85' lang='lat' dir='ltr'><strong>arcte.</strong></span> 
     </span>
    </p>
   </div>
   <div class='ocr_carea' id='block_1_7' title="bbox 169 1023 1022 2436">
    <p class='ocr_par' dir='ltr' id='par_1_7' title="bbox 236 1023 378 1082">
     <span class='ocr_line' id='line_1_11' title="bbox 236 1023 378 1082; baseline -0.028 0"><span class='ocrx_word' id='word_1_63' title='bbox 236 1023 378 1082; x_wconf 74' lang='lat' dir='ltr'><strong>terreum.</strong></span> 
     </span>
    </p>

    <p class='ocr_par' dir='ltr' id='par_1_8' title="bbox 169 1113 1022 2436">
     <span class='ocr_line' id='line_1_12' title="bbox 269 1113 1017 1188; baseline 0 -18"><span class='ocrx_word' id='word_1_64' title='bbox 269 1113 406 1188; x_wconf 76' lang='lat' dir='ltr'><strong>Senatum]</strong></span> <span class='ocrx_word' id='word_1_65' title='bbox 427 1116 543 1171; x_wconf 79' lang='lat' dir='ltr'><strong>Dicimus</strong></span> <span class='ocrx_word' id='word_1_66' title='bbox 566 1117 709 1172; x_wconf 86' lang='lat' dir='ltr'><strong>concilium</strong></span> <span class='ocrx_word' id='word_1_67' title='bbox 729 1117 873 1186; x_wconf 82' lang='lat' dir='ltr'><strong>publicum,</strong></span> <span class='ocrx_word' id='word_1_68' title='bbox 888 1132 965 1184; x_wconf 83' lang='lat' dir='ltr'><strong>quern</strong></span> <span class='ocrx_word' id='word_1_69' title='bbox 982 1118 1017 1169; x_wconf 92' lang='lat' dir='ltr'><strong>in·</strong></span> 
     </span>
     <span class='ocr_line' id='line_1_13' title="bbox 234 1203 1019 1260; baseline -0.003 -2"><span class='ocrx_word' id='word_1_70' title='bbox 234 1203 305 1259; x_wconf 93' lang='lat' dir='ltr'><strong>docti</strong></span> <span class='ocrx_word' id='word_1_71' title='bbox 319 1206 403 1258; x_wconf 93' lang='lat' dir='ltr'><strong>nostri</strong></span> <span class='ocrx_word' id='word_1_72' title='bbox 414 1205 579 1260; x_wconf 91' lang='lat' dir='ltr'><strong>consulatum</strong></span> <span class='ocrx_word' id='word_1_73' title='bbox 591 1215 697 1260; x_wconf 82' lang='lat' dir='ltr'><strong>uocant.</strong></span> <span class='ocrx_word' id='word_1_74' title='bbox 717 1204 877 1260; x_wconf 76' lang='lat' dir='ltr'><strong>Consulatus</strong></span> <span class='ocrx_word' id='word_1_75' title='bbox 893 1212 934 1259; x_wconf 92' lang='lat' dir='ltr'><strong>est</strong></span> <span class='ocrx_word' id='word_1_76' title='bbox 947 1205 1019 1258; x_wconf 89' lang='lat' dir='ltr'><strong>enirn</strong></span> 
     </span>
     <span class='ocr_line' id='line_1_14' title="bbox 234 1290 1022 1362; baseline -0.001 -15"><span class='ocrx_word' id='word_1_77' title='bbox 234 1290 322 1348; x_wconf 79' lang='lat' dir='ltr'><strong>honor</strong></span> <span class='ocrx_word' id='word_1_78' title='bbox 343 1293 475 1360; x_wconf 88' lang='lat' dir='ltr'><strong>consulis,</strong></span> <span class='ocrx_word' id='word_1_79' title='bbox 498 1294 567 1349; x_wconf 86' lang='lat' dir='ltr'><strong>sieut</strong></span> <span class='ocrx_word' id='word_1_80' title='bbox 588 1302 705 1362; x_wconf 74' lang='lat' dir='ltr'><strong>praetura</strong></span> <span class='ocrx_word' id='word_1_81' title='bbox 727 1295 831 1359; x_wconf 79' lang='lat' dir='ltr'><strong>lucror,</strong></span> <span class='ocrx_word' id='word_1_82' title='bbox 855 1308 932 1362; x_wconf 85' lang='lat' dir='ltr'><strong>quem</strong></span> <span class='ocrx_word' id='word_1_83' title='bbox 952 1293 1022 1362; x_wconf 91' lang='lat' dir='ltr'><strong>gerit</strong></span> 
     </span>
     <span class='ocr_line' id='line_1_15' title="bbox 234 1380 1019 1451; baseline 0.003 -16"><span class='ocrx_word' id='word_1_84' title='bbox 234 1389 347 1450; x_wconf 77' lang='lat' dir='ltr'><strong>prator:</strong></span> <span class='ocrx_word' id='word_1_85' title='bbox 362 1396 441 1450; x_wconf 88' lang='lat' dir='ltr'><strong>quem</strong></span> <span class='ocrx_word' id='word_1_86' title='bbox 454 1380 546 1451; x_wconf 84' lang='lat' dir='ltr'><strong>vulgus</strong></span> <span class='ocrx_word' id='word_1_87' title='bbox 558 1383 707 1438; x_wconf 86' lang='lat' dir='ltr'><strong>consultum</strong></span> <span class='ocrx_word' id='word_1_88' title='bbox 723 1390 811 1447; x_wconf 86' lang='lat' dir='ltr'><strong>uocat,</strong></span> <span class='ocrx_word' id='word_1_89' title='bbox 824 1382 910 1438; x_wconf 86' lang='lat' dir='ltr'><strong>dictus</strong></span> <span class='ocrx_word' id='word_1_90' title='bbox 921 1392 962 1437; x_wconf 83' lang='lat' dir='ltr'><strong>est</strong></span> <span class='ocrx_word' id='word_1_91' title='bbox 976 1398 1019 1437; x_wconf 85' lang='lat' dir='ltr'><strong>se-</strong></span> 
     </span>
     <span class='ocr_line' id='line_1_16' title="bbox 234 1470 1018 1538; baseline 0.001 -15"><span class='ocrx_word' id='word_1_92' title='bbox 234 1479 313 1524; x_wconf 87' lang='lat' dir='ltr'><strong>natus</strong></span> <span class='ocrx_word' id='word_1_93' title='bbox 327 1484 343 1523; x_wconf 88' lang='lat' dir='ltr'><strong>a</strong></span> <span class='ocrx_word' id='word_1_94' title='bbox 356 1470 440 1534; x_wconf 87' lang='lat' dir='ltr'><strong>senio,</strong></span> <span class='ocrx_word' id='word_1_95' title='bbox 457 1480 486 1525; x_wconf 93' lang='lat' dir='ltr'><strong>ut</strong></span> <span class='ocrx_word' id='word_1_96' title='bbox 498 1473 536 1526; x_wconf 89' lang='lat' dir='ltr'><strong>ait</strong></span> <span class='ocrx_word' id='word_1_97' title='bbox 554 1470 694 1527; x_wconf 86' lang='lat' dir='ltr'><strong>Sallustius</strong></span> <span class='ocrx_word' id='word_1_98' title='bbox 717 1473 744 1527; x_wconf 90' lang='lat' dir='ltr'><strong>in</strong></span> <span class='ocrx_word' id='word_1_99' title='bbox 765 1471 886 1527; x_wconf 84' lang='lat' dir='ltr'><strong>Catilina.</strong></span> <span class='ocrx_word' id='word_1_100' title='bbox 904 1473 1018 1538; x_wconf 86' lang='lat' dir='ltr'><strong>lleleeti,</strong></span> 
     </span>
     <span class='ocr_line' id='line_1_17' title="bbox 234 1556 1018 1630; baseline 0.005 -20"><span class='ocrx_word' id='word_1_101' title='bbox 234 1556 330 1628; x_wconf 83' lang='lat' dir='ltr'><strong>quibus</strong></span> <span class='ocrx_word' id='word_1_102' title='bbox 346 1572 443 1628; x_wconf 90' lang='lat' dir='ltr'><strong>eorpus</strong></span> <span class='ocrx_word' id='word_1_103' title='bbox 465 1560 542 1613; x_wconf 88' lang='lat' dir='ltr'><strong>annis</strong></span> <span class='ocrx_word' id='word_1_104' title='bbox 562 1559 717 1624; x_wconf 83' lang='lat' dir='ltr'><strong>infirmum,</strong></span> <span class='ocrx_word' id='word_1_105' title='bbox 737 1562 870 1630; x_wconf 75' lang='lat' dir='ltr'><strong>ingenium</strong></span> <span class='ocrx_word' id='word_1_106' title='bbox 891 1562 1018 1628; x_wconf 91' lang='lat' dir='ltr'><strong>sapientia</strong></span> 
     </span>
     <span class='ocr_line' id='line_1_18' title="bbox 234 1645 1018 1719; baseline 0.01 -22"><span class='ocrx_word' id='word_1_107' title='bbox 234 1645 351 1700; x_wconf 83' lang='lat' dir='ltr'><strong>ualidum</strong></span> <span class='ocrx_word' id='word_1_108' title='bbox 365 1646 469 1716; x_wconf 89' lang='lat' dir='ltr'><strong>reipub.</strong></span> <span class='ocrx_word' id='word_1_109' title='bbox 489 1648 674 1704; x_wconf 77' lang='lat' dir='ltr'><strong>consulebant.</strong></span> <span class='ocrx_word' id='word_1_110' title='bbox 691 1649 837 1719; x_wconf 74' lang='lat' dir='ltr'><strong>Maiestatis</strong></span> <span class='ocrx_word' id='word_1_111' title='bbox 850 1664 923 1705; x_wconf 90' lang='lat' dir='ltr'><strong>reum</strong></span> <span class='ocrx_word' id='word_1_112' title='bbox 945 1651 1018 1705; x_wconf 93' lang='lat' dir='ltr'><strong>illum</strong></span> 
     </span>
     <span class='ocr_line' id='line_1_19' title="bbox 233 1734 1019 1807; baseline 0.005 -18"><span class='ocrx_word' id='word_1_113' title='bbox 233 1734 326 1789; x_wconf 92' lang='lat' dir='ltr'><strong>dicunt</strong></span> <span class='ocrx_word' id='word_1_114' title='bbox 336 1734 381 1804; x_wconf 81' lang='lat' dir='ltr'><strong>qut</strong></span> <span class='ocrx_word' id='word_1_115' title='bbox 393 1745 534 1791; x_wconf 87' lang='lat' dir='ltr'><strong>accusatur</strong></span> <span class='ocrx_word' id='word_1_116' title='bbox 547 1737 661 1807; x_wconf 86' lang='lat' dir='ltr'><strong>aliquid,</strong></span> <span class='ocrx_word' id='word_1_117' title='bbox 676 1740 747 1807; x_wconf 86' lang='lat' dir='ltr'><strong>quod</strong></span> <span class='ocrx_word' id='word_1_118' title='bbox 759 1740 785 1793; x_wconf 93' lang='lat' dir='ltr'><strong>in</strong></span> <span class='ocrx_word' id='word_1_119' title='bbox 802 1740 945 1807; x_wconf 89' lang='lat' dir='ltr'><strong>perntciem</strong></span> <span class='ocrx_word' id='word_1_120' title='bbox 966 1741 1019 1795; x_wconf 88' lang='lat' dir='ltr'><strong>rei·</strong></span> 
     </span>
     <span class='ocr_line' id='line_1_20' title="bbox 234 1824 1019 1895; baseline 0.004 -17"><span class='ocrx_word' id='word_1_121' title='bbox 234 1824 346 1894; x_wconf 83' lang='lat' dir='ltr'><strong>publicae</strong></span> <span class='ocrx_word' id='word_1_122' title='bbox 368 1833 413 1878; x_wconf 90' lang='lat' dir='ltr'><strong>aut</strong></span> <span class='ocrx_word' id='word_1_123' title='bbox 433 1825 559 1894; x_wconf 87' lang='lat' dir='ltr'><strong>principis</strong></span> <span class='ocrx_word' id='word_1_124' title='bbox 582 1836 691 1895; x_wconf 85' lang='lat' dir='ltr'><strong>vergat,</strong></span> <span class='ocrx_word' id='word_1_125' title='bbox 715 1835 858 1881; x_wconf 85' lang='lat' dir='ltr'><strong>tentasse:</strong></span> <span class='ocrx_word' id='word_1_126' title='bbox 884 1827 1019 1881; x_wconf 84' lang='lat' dir='ltr'><strong>ueletiam</strong></span> 
     </span>
     <span class='ocr_line' id='line_1_21' title="bbox 234 1914 1017 1986; baseline 0.001 -17"><span class='ocrx_word' id='word_1_127' title='bbox 234 1914 304 1986; x_wconf 84' lang='lat' dir='ltr'><strong>qnod</strong></span> <span class='ocrx_word' id='word_1_128' title='bbox 316 1916 341 1968; x_wconf 92' lang='lat' dir='ltr'><strong>in</strong></span> <span class='ocrx_word' id='word_1_129' title='bbox 356 1914 472 1971; x_wconf 83' lang='lat' dir='ltr'><strong>dedecus</strong></span> <span class='ocrx_word' id='word_1_130' title='bbox 485 1917 604 1985; x_wconf 81' lang='lat' dir='ltr'><strong>tnstgnc,</strong></span> <span class='ocrx_word' id='word_1_131' title='bbox 617 1916 688 1971; x_wconf 92' lang='lat' dir='ltr'><strong>unde</strong></span> <span class='ocrx_word' id='word_1_132' title='bbox 702 1916 798 1971; x_wconf 89' lang='lat' dir='ltr'><strong>dicitur</strong></span> <span class='ocrx_word' id='word_1_133' title='bbox 808 1917 869 1970; x_wconf 72' lang='lat' dir='ltr'><strong>laesa</strong></span> <span class='ocrx_word' id='word_1_134' title='bbox 883 1916 1017 1984; x_wconf 80' lang='lat' dir='ltr'><strong>majestas,</strong></span> 
     </span>
     <span class='ocr_line' id='line_1_22' title="bbox 234 2006 1020 2072; baseline 0 -12"><span class='ocrx_word' id='word_1_135' title='bbox 234 2015 260 2060; x_wconf 91' lang='lat' dir='ltr'><strong>et</strong></span> <span class='ocrx_word' id='word_1_136' title='bbox 272 2018 333 2059; x_wconf 89' lang='lat' dir='ltr'><strong>reus</strong></span> <span class='ocrx_word' id='word_1_137' title='bbox 348 2007 417 2059; x_wconf 82' lang='lat' dir='ltr'><strong>laesau</strong></span> <span class='ocrx_word' id='word_1_138' title='bbox 429 2007 586 2072; x_wconf 76' lang='lat' dir='ltr'><strong>ntaJ&#39;cstatis,</strong></span> <span class='ocrx_word' id='word_1_139' title='bbox 600 2018 626 2060; x_wconf 92' lang='lat' dir='ltr'><strong>et</strong></span> <span class='ocrx_word' id='word_1_140' title='bbox 637 2007 698 2062; x_wconf 89' lang='lat' dir='ltr'><strong>inde</strong></span> <span class='ocrx_word' id='word_1_141' title='bbox 708 2007 853 2060; x_wconf 91' lang='lat' dir='ltr'><strong>omissione</strong></span> <span class='ocrx_word' id='word_1_142' title='bbox 866 2007 939 2060; x_wconf 82' lang='lat' dir='ltr'><strong>uerbi</strong></span> <span class='ocrx_word' id='word_1_143' title='bbox 950 2006 1020 2060; x_wconf 74' lang='lat' dir='ltr'><strong>lusae</strong></span> 
     </span>
     <span class='ocr_line' id='line_1_23' title="bbox 234 2092 1017 2163; baseline -0.001 -15"><span class='ocrx_word' id='word_1_144' title='bbox 234 2092 381 2163; x_wconf 84' lang='lat' dir='ltr'><strong>urajestatis</strong></span> <span class='ocrx_word' id='word_1_145' title='bbox 392 2106 452 2147; x_wconf 88' lang='lat' dir='ltr'><strong>reus</strong></span> <span class='ocrx_word' id='word_1_146' title='bbox 467 2094 574 2161; x_wconf 86' lang='lat' dir='ltr'><strong>dicitur,</strong></span> <span class='ocrx_word' id='word_1_147' title='bbox 586 2096 711 2162; x_wconf 85' lang='lat' dir='ltr'><strong>quoniam</strong></span> <span class='ocrx_word' id='word_1_148' title='bbox 724 2096 762 2148; x_wconf 90' lang='lat' dir='ltr'><strong>sic</strong></span> <span class='ocrx_word' id='word_1_149' title='bbox 777 2095 843 2148; x_wconf 90' lang='lat' dir='ltr'><strong>satis</strong></span> <span class='ocrx_word' id='word_1_150' title='bbox 856 2093 1017 2163; x_wconf 79' lang='lat' dir='ltr'><strong>intelligitur.</strong></span> 
     </span>
     <span class='ocr_line' id='line_1_24' title="bbox 234 2182 1019 2251; baseline -0.005 -12"><span class='ocrx_word' id='word_1_151' title='bbox 234 2182 319 2239; x_wconf 84' lang='lat' dir='ltr'><strong>Reum</strong></span> <span class='ocrx_word' id='word_1_152' title='bbox 340 2198 354 2235; x_wconf 91' lang='lat' dir='ltr'><strong>a</strong></span> <span class='ocrx_word' id='word_1_153' title='bbox 379 2198 440 2237; x_wconf 90' lang='lat' dir='ltr'><strong>reor</strong></span> <span class='ocrx_word' id='word_1_154' title='bbox 461 2182 643 2238; x_wconf 86' lang='lat' dir='ltr'><strong>videturesse</strong></span> <span class='ocrx_word' id='word_1_155' title='bbox 667 2183 778 2247; x_wconf 89' lang='lat' dir='ltr'><strong>dietum,</strong></span> <span class='ocrx_word' id='word_1_156' title='bbox 796 2184 857 2251; x_wconf 86' lang='lat' dir='ltr'><strong>quia</strong></span> <span class='ocrx_word' id='word_1_157' title='bbox 879 2198 978 2247; x_wconf 86' lang='lat' dir='ltr'><strong>remur,</strong></span> <span class='ocrx_word' id='word_1_158' title='bbox 994 2182 1019 2235; x_wconf 93' lang='lat' dir='ltr'><strong>id</strong></span> 
     </span>
     <span class='ocr_line' id='line_1_25' title="bbox 169 2265 1020 2344; baseline -0.009 -12"><span class='ocrx_word' id='word_1_159' title='bbox 169 2265 172 2277; x_wconf 62' lang='lat'><strong>¹</strong></span> <span class='ocrx_word' id='word_1_160' title='bbox 234 2283 276 2331; x_wconf 84' lang='lat' dir='ltr'><strong>est</strong></span> <span class='ocrx_word' id='word_1_161' title='bbox 285 2275 451 2344; x_wconf 90' lang='lat' dir='ltr'><strong>suspicamur</strong></span> <span class='ocrx_word' id='word_1_162' title='bbox 466 2275 539 2329; x_wconf 92' lang='lat' dir='ltr'><strong>illum</strong></span> <span class='ocrx_word' id='word_1_163' title='bbox 555 2275 625 2343; x_wconf 83' lang='lat' dir='ltr'><strong>quod</strong></span> <span class='ocrx_word' id='word_1_164' title='bbox 645 2274 769 2341; x_wconf 82' lang='lat' dir='ltr'><strong>objicitur</strong></span> <span class='ocrx_word' id='word_1_165' title='bbox 788 2273 813 2327; x_wconf 93' lang='lat' dir='ltr'><strong>id</strong></span> <span class='ocrx_word' id='word_1_166' title='bbox 836 2273 941 2337; x_wconf 77' lang='lat' dir='ltr'><strong>iecisse,</strong></span> <span class='ocrx_word' id='word_1_167' title='bbox 956 2271 1020 2326; x_wconf 81' lang='lat' dir='ltr'><strong>dici-</strong></span> 
     </span>
     <span class='ocr_line' id='line_1_26' title="bbox 234 2360 1020 2436; baseline -0.003 -18"><span class='ocrx_word' id='word_1_168' title='bbox 234 2372 330 2433; x_wconf 86' lang='lat' dir='ltr'><strong>turque</strong></span> <span class='ocrx_word' id='word_1_169' title='bbox 346 2364 453 2434; x_wconf 80' lang='lat' dir='ltr'><strong>proprie</strong></span> <span class='ocrx_word' id='word_1_170' title='bbox 465 2365 508 2436; x_wconf 86' lang='lat' dir='ltr'><strong>qui</strong></span> <span class='ocrx_word' id='word_1_171' title='bbox 524 2364 551 2418; x_wconf 95' lang='lat' dir='ltr'><strong>in</strong></span> <span class='ocrx_word' id='word_1_172' title='bbox 568 2363 612 2433; x_wconf 81' lang='lat' dir='ltr'><strong>jus</strong></span> <span class='ocrx_word' id='word_1_173' title='bbox 624 2373 733 2417; x_wconf 81' lang='lat' dir='ltr'><strong>uocatus</strong></span> <span class='ocrx_word' id='word_1_174' title='bbox 747 2373 798 2417; x_wconf 89' lang='lat' dir='ltr'><strong>est.</strong></span> <span class='ocrx_word' id='word_1_175' title='bbox 814 2362 891 2415; x_wconf 83' lang='lat' dir='ltr'><strong>Ouid.</strong></span> <span class='ocrx_word' id='word_1_176' title='bbox 906 2363 932 2415; x_wconf 88' lang='lat' dir='ltr'><strong>iu</strong></span> <span class='ocrx_word' id='word_1_177' title='bbox 955 2377 972 2416; x_wconf 92' lang='grc' dir='ltr'><strong>ιι</strong></span> <span class='ocrx_word' id='word_1_178' title='bbox 987 2360 1020 2416; x_wconf 89' lang='lat' dir='ltr'><strong>de</strong></span> 
     </span>
    </p>
   </div>
   <div class='ocr_carea' id='block_1_8' title="bbox 234 2456 846 2585">
    <p class='ocr_par' dir='ltr' id='par_1_9' title="bbox 234 2456 846 2585">
     <span class='ocr_line' id='line_1_27' title="bbox 234 2456 846 2585; baseline -0.007 -12"><span class='ocrx_word' id='word_1_179' title='bbox 234 2456 298 2509; x_wconf 55' lang='lat' dir='ltr'><strong>me</strong></span> <span class='ocrx_word' id='word_1_180' title='bbox 311 2494 317 2507; x_wconf 46' lang='lat'><strong>⁹</strong></span> <span class='ocrx_word' id='word_1_181' title='bbox 355 2523 408 2572; x_wconf 83' lang='lat' dir='ltr'><strong>Non</strong></span> <span class='ocrx_word' id='word_1_182' title='bbox 420 2529 512 2572; x_wconf 89' lang='lat' dir='ltr'><strong>tantum</strong></span> <span class='ocrx_word' id='word_1_183' title='bbox 525 2524 634 2585; x_wconf 84' lang='lat' dir='ltr'><strong>trepidos</strong></span> <span class='ocrx_word' id='word_1_184' title='bbox 645 2530 672 2572; x_wconf 92' lang='lat' dir='ltr'><strong>ut</strong></span> <span class='ocrx_word' id='word_1_185' title='bbox 682 2528 769 2572; x_wconf 87' lang='lat' dir='ltr'><strong>tueare</strong></span> <span class='ocrx_word' id='word_1_186' title='bbox 781 2533 846 2571; x_wconf 92' lang='lat' dir='ltr'><strong>reos.</strong></span> 
     </span>
    </p>
   </div>
   <div class='ocr_carea' id='block_1_9' title="bbox 234 2604 1021 3127">
    <p class='ocr_par' dir='ltr' id='par_1_10' title="bbox 234 2604 1021 3127">
     <span class='ocr_line' id='line_1_28' title="bbox 234 2604 1020 2676; baseline -0.003 -15"><span class='ocrx_word' id='word_1_187' title='bbox 234 2605 367 2662; x_wconf 73' lang='lat' dir='ltr'><strong>vocamus</strong></span> <span class='ocrx_word' id='word_1_188' title='bbox 380 2607 459 2661; x_wconf 88' lang='lat' dir='ltr'><strong>etiam</strong></span> <span class='ocrx_word' id='word_1_189' title='bbox 472 2607 630 2676; x_wconf 86' lang='lat' dir='ltr'><strong>quandoque</strong></span> <span class='ocrx_word' id='word_1_190' title='bbox 643 2621 717 2660; x_wconf 89' lang='lat' dir='ltr'><strong>reum</strong></span> <span class='ocrx_word' id='word_1_191' title='bbox 732 2621 793 2660; x_wconf 90' lang='lat' dir='ltr'><strong>eum</strong></span> <span class='ocrx_word' id='word_1_192' title='bbox 813 2606 857 2674; x_wconf 83' lang='lat' dir='ltr'><strong>qui</strong></span> <span class='ocrx_word' id='word_1_193' title='bbox 878 2604 932 2672; x_wconf 80' lang='lat' dir='ltr'><strong>iarn</strong></span> <span class='ocrx_word' id='word_1_194' title='bbox 952 2604 1020 2659; x_wconf 90' lang='lat' dir='ltr'><strong>obli·</strong></span> 
     </span>
     <span class='ocr_line' id='line_1_29' title="bbox 234 2696 1020 2766; baseline 0.001 -15"><span class='ocrx_word' id='word_1_195' title='bbox 234 2705 321 2766; x_wconf 87' lang='lat' dir='ltr'><strong>gatus,</strong></span> <span class='ocrx_word' id='word_1_196' title='bbox 339 2696 382 2751; x_wconf 85' lang='lat' dir='ltr'><strong>vel</strong></span> <span class='ocrx_word' id='word_1_197' title='bbox 397 2696 502 2752; x_wconf 85' lang='lat' dir='ltr'><strong>debitor</strong></span> <span class='ocrx_word' id='word_1_198' title='bbox 516 2713 524 2750; x_wconf 75' lang='grc' dir='ltr'><strong>ι</strong></span> <span class='ocrx_word' id='word_1_199' title='bbox 536 2697 605 2751; x_wconf 89' lang='lat' dir='ltr'><strong>unde</strong></span> <span class='ocrx_word' id='word_1_200' title='bbox 619 2697 672 2750; x_wconf 88' lang='lat' dir='ltr'><strong>voti</strong></span> <span class='ocrx_word' id='word_1_201' title='bbox 689 2711 751 2752; x_wconf 87' lang='lat' dir='ltr'><strong>rcrrs</strong></span> <span class='ocrx_word' id='word_1_202' title='bbox 765 2696 859 2751; x_wconf 90' lang='lat' dir='ltr'><strong>dicitur</strong></span> <span class='ocrx_word' id='word_1_203' title='bbox 879 2698 923 2766; x_wconf 84' lang='lat' dir='ltr'><strong>qui</strong></span> <span class='ocrx_word' id='word_1_204' title='bbox 947 2711 1020 2752; x_wconf 87' lang='lat' dir='ltr'><strong>asse·</strong></span> 
     </span>
     <span class='ocr_line' id='line_1_30' title="bbox 234 2785 1021 2855; baseline -0.001 -14"><span class='ocrx_word' id='word_1_205' title='bbox 234 2795 312 2841; x_wconf 91' lang='lat' dir='ltr'><strong>cutus</strong></span> <span class='ocrx_word' id='word_1_206' title='bbox 322 2794 364 2840; x_wconf 90' lang='lat' dir='ltr'><strong>est</strong></span> <span class='ocrx_word' id='word_1_207' title='bbox 374 2786 399 2838; x_wconf 90' lang='lat' dir='ltr'><strong>id</strong></span> <span class='ocrx_word' id='word_1_208' title='bbox 412 2801 460 2855; x_wconf 92' lang='lat' dir='ltr'><strong>pro</strong></span> <span class='ocrx_word' id='word_1_209' title='bbox 474 2802 527 2854; x_wconf 87' lang='lat' dir='ltr'><strong>quo</strong></span> <span class='ocrx_word' id='word_1_210' title='bbox 541 2796 631 2841; x_wconf 87' lang='lat' dir='ltr'><strong>retum</strong></span> <span class='ocrx_word' id='word_1_211' title='bbox 643 2786 722 2852; x_wconf 83' lang='lat' dir='ltr'><strong>lecit,</strong></span> <span class='ocrx_word' id='word_1_212' title='bbox 739 2785 842 2840; x_wconf 82' lang='lat' dir='ltr'><strong>solvere</strong></span> <span class='ocrx_word' id='word_1_213' title='bbox 856 2786 957 2855; x_wconf 78' lang='lat' dir='ltr'><strong>cogitur</strong></span> <span class='ocrx_word' id='word_1_214' title='bbox 972 2805 978 2839; x_wconf 94' lang='lat'>:</span> <span class='ocrx_word' id='word_1_215' title='bbox 994 2796 1021 2841; x_wconf 91' lang='lat' dir='ltr'><strong>et</strong></span> 
     </span>
     <span class='ocr_line' id='line_1_31' title="bbox 234 2876 1021 2949; baseline 0.006 -20"><span class='ocrx_word' id='word_1_216' title='bbox 234 2876 417 2946; x_wconf 83' lang='lat' dir='ltr'><strong>jurisconsulti</strong></span> <span class='ocrx_word' id='word_1_217' title='bbox 432 2877 497 2931; x_wconf 92' lang='lat' dir='ltr'><strong>duos</strong></span> <span class='ocrx_word' id='word_1_218' title='bbox 513 2893 572 2932; x_wconf 89' lang='lat' dir='ltr'><strong>reos</strong></span> <span class='ocrx_word' id='word_1_219' title='bbox 587 2878 756 2947; x_wconf 89' lang='lat' dir='ltr'><strong>promittendi</strong></span> <span class='ocrx_word' id='word_1_220' title='bbox 772 2887 882 2944; x_wconf 79' lang='lat' dir='ltr'><strong>vocarit,</strong></span> <span class='ocrx_word' id='word_1_221' title='bbox 897 2881 943 2946; x_wconf 81' lang='lat' dir='ltr'><strong>qui</strong></span> <span class='ocrx_word' id='word_1_222' title='bbox 960 2895 1021 2949; x_wconf 89' lang='lat' dir='ltr'><strong>pro·</strong></span> 
     </span>
     <span class='ocr_line' id='line_1_32' title="bbox 235 2965 896 3036; baseline -0.002 -15"><span class='ocrx_word' id='word_1_223' title='bbox 235 2965 365 3021; x_wconf 87' lang='lat' dir='ltr'><strong>mittendo</strong></span> <span class='ocrx_word' id='word_1_224' title='bbox 376 2981 405 3020; x_wconf 88' lang='lat' dir='ltr'><strong>se</strong></span> <span class='ocrx_word' id='word_1_225' title='bbox 417 2965 527 3035; x_wconf 84' lang='lat' dir='ltr'><strong>quisquc</strong></span> <span class='ocrx_word' id='word_1_226' title='bbox 541 2966 734 3036; x_wconf 84' lang='lat' dir='ltr'><strong>obligaverunt.</strong></span> <span class='ocrx_word' id='word_1_227' title='bbox 750 2970 896 3022; x_wconf 78' lang='lat' dir='ltr'><strong>Auntcour.</strong></span> 
     </span>
     <span class='ocr_line' id='line_1_33' title="bbox 271 3052 1019 3127; baseline 0.003 -19"><span class='ocrx_word' id='word_1_228' title='bbox 271 3052 422 3126; x_wconf 79' lang='lat' dir='ltr'><strong>impedisse]</strong></span> <span class='ocrx_word' id='word_1_229' title='bbox 440 3055 570 3125; x_wconf 87' lang='lat' dir='ltr'><strong>impedire</strong></span> <span class='ocrx_word' id='word_1_230' title='bbox 592 3066 619 3110; x_wconf 92' lang='lat' dir='ltr'><strong>et</strong></span> <span class='ocrx_word' id='word_1_231' title='bbox 638 3057 791 3126; x_wconf 81' lang='lat' dir='ltr'><strong>expedirea</strong></span> <span class='ocrx_word' id='word_1_232' title='bbox 812 3058 923 3126; x_wconf 83' lang='lat' dir='ltr'><strong>pedibus</strong></span> <span class='ocrx_word' id='word_1_233' title='bbox 937 3058 1019 3127; x_wconf 82' lang='lat' dir='ltr'><strong>ligan-</strong></span> 
     </span>
    </p>
   </div>
   <div class='ocr_carea' id='block_1_10' title="bbox 234 3139 1057 3203">
    <p class='ocr_par' dir='ltr' id='par_1_11' title="bbox 234 3139 1057 3203">
     <span class='ocr_line' id='line_1_34' title="bbox 234 3139 1057 3203; baseline 0.001 -4"><span class='ocrx_word' id='word_1_234' title='bbox 234 3143 276 3200; x_wconf 88' lang='lat' dir='ltr'><strong>dis</strong></span> <span class='ocrx_word' id='word_1_235' title='bbox 288 3154 315 3198; x_wconf 86' lang='lat' dir='ltr'><strong>et</strong></span> <span class='ocrx_word' id='word_1_236' title='bbox 325 3144 460 3200; x_wconf 85' lang='lat' dir='ltr'><strong>soluendis</strong></span> <span class='ocrx_word' id='word_1_237' title='bbox 471 3145 540 3200; x_wconf 91' lang='lat' dir='ltr'><strong>dicta</strong></span> <span class='ocrx_word' id='word_1_238' title='bbox 555 3154 617 3201; x_wconf 88' lang='lat' dir='ltr'><strong>sunt</strong></span> <span class='ocrx_word' id='word_1_239' title='bbox 632 3163 639 3200; x_wconf 79' lang='grc' dir='ltr'><strong>ι</strong></span> <span class='ocrx_word' id='word_1_240' title='bbox 653 3146 750 3202; x_wconf 89' lang='lat' dir='ltr'><strong>deinde</strong></span> <span class='ocrx_word' id='word_1_241' title='bbox 762 3148 954 3203; x_wconf 89' lang='lat' dir='ltr'><strong>consuetudine</strong></span> <span class='ocrx_word' id='word_1_242' title='bbox 967 3147 1021 3202; x_wconf 89' lang='lat' dir='ltr'><strong>sol·</strong></span> <span class='ocrx_word' id='word_1_243' title='bbox 1035 3139 1057 3200; x_wconf 87' lang='lat' dir='ltr'>C</span> 
     </span>
    </p>
   </div>
   <div class='ocr_carea' id='block_1_11' title="bbox 235 3232 914 3388">
    <p class='ocr_par' dir='ltr' id='par_1_12' title="bbox 235 3232 914 3388">
     <span class='ocr_line' id='line_1_35' title="bbox 235 3232 914 3306; baseline -0.001 -18"><span class='ocrx_word' id='word_1_244' title='bbox 235 3249 300 3290; x_wconf 85' lang='lat' dir='ltr'><strong>rere</strong></span> <span class='ocrx_word' id='word_1_245' title='bbox 310 3244 338 3289; x_wconf 93' lang='lat' dir='ltr'><strong>et</strong></span> <span class='ocrx_word' id='word_1_246' title='bbox 351 3235 443 3305; x_wconf 90' lang='lat' dir='ltr'><strong>ligare.</strong></span> <span class='ocrx_word' id='word_1_247' title='bbox 457 3235 580 3289; x_wconf 90' lang='lat' dir='ltr'><strong>lloratius</strong></span> <span class='ocrx_word' id='word_1_248' title='bbox 598 3236 625 3288; x_wconf 90' lang='lat' dir='ltr'><strong>iu</strong></span> <span class='ocrx_word' id='word_1_249' title='bbox 640 3235 727 3306; x_wconf 90' lang='lat' dir='ltr'><strong>primo</strong></span> <span class='ocrx_word' id='word_1_250' title='bbox 739 3232 891 3290; x_wconf 85' lang='lat' dir='ltr'><strong>Carminunt</strong></span> <span class='ocrx_word' id='word_1_251' title='bbox 909 3254 914 3287; x_wconf 93' lang='lat'>:</span> 
     </span>
     <span class='ocr_line' id='line_1_36' title="bbox 298 3322 863 3388; baseline 0.005 -16"><span class='ocrx_word' id='word_1_252' title='bbox 298 3322 367 3372; x_wconf 86' lang='lat' dir='ltr'><strong>Nunc</strong></span> <span class='ocrx_word' id='word_1_253' title='bbox 379 3323 449 3372; x_wconf 84' lang='lat' dir='ltr'><strong>uirldi</strong></span> <span class='ocrx_word' id='word_1_254' title='bbox 460 3325 553 3372; x_wconf 88' lang='lat' dir='ltr'><strong>crinem</strong></span> <span class='ocrx_word' id='word_1_255' title='bbox 563 3322 636 3373; x_wconf 90' lang='lat' dir='ltr'><strong>decet</strong></span> <span class='ocrx_word' id='word_1_256' title='bbox 646 3324 767 3386; x_wconf 89' lang='lat' dir='ltr'><strong>impedire</strong></span> <span class='ocrx_word' id='word_1_257' title='bbox 778 3333 863 3388; x_wconf 75' lang='lat' dir='ltr'><strong>myrto.</strong></span> 
     </span>
    </p>
   </div>
   <div class='ocr_carea' id='block_1_12' title="bbox 234 3407 1022 4372">
    <p class='ocr_par' dir='ltr' id='par_1_13' title="bbox 235 3407 1022 3748">
     <span class='ocr_line' id='line_1_37' title="bbox 236 3407 1022 3479; baseline -0.003 -16"><span class='ocrx_word' id='word_1_258' title='bbox 236 3407 338 3463; x_wconf 80' lang='lat' dir='ltr'><strong>Deinde</strong></span> <span class='ocrx_word' id='word_1_259' title='bbox 352 3407 490 3476; x_wconf 89' lang='lat' dir='ltr'><strong>impedire,</strong></span> <span class='ocrx_word' id='word_1_260' title='bbox 502 3408 629 3475; x_wconf 89' lang='lat' dir='ltr'><strong>retinere,</strong></span> <span class='ocrx_word' id='word_1_261' title='bbox 643 3411 684 3462; x_wconf 88' lang='lat' dir='ltr'><strong>uel</strong></span> <span class='ocrx_word' id='word_1_262' title='bbox 697 3410 822 3464; x_wconf 90' lang='lat' dir='ltr'><strong>resistere</strong></span> <span class='ocrx_word' id='word_1_263' title='bbox 836 3410 978 3479; x_wconf 78' lang='lat' dir='ltr'><strong>siguificat,</strong></span> <span class='ocrx_word' id='word_1_264' title='bbox 994 3417 1022 3461; x_wconf 95' lang='lat' dir='ltr'><strong>ut</strong></span> 
     </span>
     <span class='ocr_line' id='line_1_38' title="bbox 235 3497 1020 3566; baseline -0.001 -14"><span class='ocrx_word' id='word_1_265' title='bbox 235 3498 288 3553; x_wconf 86' lang='lat' dir='ltr'><strong>hie.</strong></span> <span class='ocrx_word' id='word_1_266' title='bbox 302 3497 397 3553; x_wconf 85' lang='lat' dir='ltr'><strong>Cicero</strong></span> <span class='ocrx_word' id='word_1_267' title='bbox 408 3500 433 3551; x_wconf 93' lang='lat' dir='ltr'><strong>iu</strong></span> <span class='ocrx_word' id='word_1_268' title='bbox 449 3497 534 3565; x_wconf 90' lang='lat' dir='ltr'><strong>primo</strong></span> <span class='ocrx_word' id='word_1_269' title='bbox 547 3498 700 3551; x_wconf 86' lang='lat' dir='ltr'><strong>Olllciorum</strong></span> <span class='ocrx_word' id='word_1_270' title='bbox 712 3514 719 3551; x_wconf 78' lang='grc' dir='ltr'><strong>ε</strong></span> <span class='ocrx_word' id='word_1_271' title='bbox 730 3498 768 3552; x_wconf 82' lang='lat' dir='ltr'><strong>lie</strong></span> <span class='ocrx_word' id='word_1_272' title='bbox 781 3498 860 3552; x_wconf 88' lang='lat' dir='ltr'><strong>rebus</strong></span> <span class='ocrx_word' id='word_1_273' title='bbox 871 3497 934 3566; x_wconf 87' lang='lat' dir='ltr'><strong>ipsis</strong></span> <span class='ocrx_word' id='word_1_274' title='bbox 946 3509 1020 3552; x_wconf 86' lang='lat' dir='ltr'><strong>utere</strong></span> 
     </span>
     <span class='ocr_line' id='line_1_39' title="bbox 237 3586 872 3655; baseline 0.002 -15"><span class='ocrx_word' id='word_1_275' title='bbox 237 3597 282 3641; x_wconf 89' lang='lat' dir='ltr'><strong>tuo</strong></span> <span class='ocrx_word' id='word_1_276' title='bbox 293 3586 404 3654; x_wconf 83' lang='lat' dir='ltr'><strong>jndicio,</strong></span> <span class='ocrx_word' id='word_1_277' title='bbox 419 3586 485 3639; x_wconf 84' lang='lat' dir='ltr'><strong>niltil</strong></span> <span class='ocrx_word' id='word_1_278' title='bbox 499 3587 569 3641; x_wconf 89' lang='lat' dir='ltr'><strong>euim</strong></span> <span class='ocrx_word' id='word_1_279' title='bbox 585 3587 710 3655; x_wconf 88' lang='lat' dir='ltr'><strong>impedio.</strong></span> <span class='ocrx_word' id='word_1_280' title='bbox 726 3589 872 3644; x_wconf 76' lang='lat' dir='ltr'><strong>Aentcnun.</strong></span> 
     </span>
     <span class='ocr_line' id='line_1_40' title="bbox 270 3674 1019 3748; baseline 0.001 -18"><span class='ocrx_word' id='word_1_281' title='bbox 270 3674 402 3746; x_wconf 74' lang='lat' dir='ltr'><strong>denubit]</strong></span> <span class='ocrx_word' id='word_1_282' title='bbox 430 3675 541 3731; x_wconf 84' lang='lat' dir='ltr'><strong>Cessare</strong></span> <span class='ocrx_word' id='word_1_283' title='bbox 572 3676 713 3746; x_wconf 83' lang='lat' dir='ltr'><strong>aliquando</strong></span> <span class='ocrx_word' id='word_1_284' title='bbox 745 3677 878 3748; x_wconf 86' lang='lat' dir='ltr'><strong>sigttillcat</strong></span> <span class='ocrx_word' id='word_1_285' title='bbox 906 3679 1019 3733; x_wconf 85' lang='lat' dir='ltr'><strong>‹ttiosum</strong></span> 
     </span>
    </p>

    <p class='ocr_par' dir='ltr' id='par_1_14' title="bbox 234 3765 787 3823">
     <span class='ocr_line' id='line_1_41' title="bbox 234 3765 787 3823; baseline -0.007 0"><span class='ocrx_word' id='word_1_286' title='bbox 234 3781 304 3823; x_wconf 88' lang='lat' dir='ltr'><strong>esse.</strong></span> <span class='ocrx_word' id='word_1_287' title='bbox 321 3765 427 3821; x_wconf 82' lang='lat' dir='ltr'><strong>Persius</strong></span> <span class='ocrx_word' id='word_1_288' title='bbox 443 3783 449 3819; x_wconf 91' lang='lat'>:</span> <span class='ocrx_word' id='word_1_289' title='bbox 778 3765 787 3784; x_wconf 89' lang='lat'>&#39;</span> 
     </span>
    </p>

    <p class='ocr_par' dir='ltr' id='par_1_15' title="bbox 234 3855 1020 4193">
     <span class='ocr_line' id='line_1_42' title="bbox 296 3855 811 3919; baseline 0.004 -14"><span class='ocrx_word' id='word_1_290' title='bbox 296 3855 328 3906; x_wconf 79' lang='lat' dir='ltr'><strong>At</strong></span> <span class='ocrx_word' id='word_1_291' title='bbox 338 3857 359 3906; x_wconf 90' lang='lat' dir='ltr'><strong>si</strong></span> <span class='ocrx_word' id='word_1_292' title='bbox 372 3863 397 3905; x_wconf 94' lang='lat' dir='ltr'><strong>tu</strong></span> <span class='ocrx_word' id='word_1_293' title='bbox 409 3869 500 3919; x_wconf 87' lang='lat' dir='ltr'><strong>cesses,</strong></span> <span class='ocrx_word' id='word_1_294' title='bbox 514 3865 541 3906; x_wconf 91' lang='lat' dir='ltr'><strong>et</strong></span> <span class='ocrx_word' id='word_1_295' title='bbox 550 3857 610 3919; x_wconf 85' lang='lat' dir='ltr'><strong>ligas</strong></span> <span class='ocrx_word' id='word_1_296' title='bbox 622 3859 647 3906; x_wconf 92' lang='lat' dir='ltr'><strong>iu</strong></span> <span class='ocrx_word' id='word_1_297' title='bbox 658 3865 715 3907; x_wconf 90' lang='lat' dir='ltr'><strong>cute</strong></span> <span class='ocrx_word' id='word_1_298' title='bbox 727 3857 811 3908; x_wconf 87' lang='lat' dir='ltr'><strong>solem.</strong></span> 
     </span>
     <span class='ocr_line' id='line_1_43' title="bbox 236 3942 1018 4014; baseline -0.003 -14"><span class='ocrx_word' id='word_1_299' title='bbox 236 3943 281 4000; x_wconf 88' lang='lat' dir='ltr'><strong>Sto</strong></span> <span class='ocrx_word' id='word_1_300' title='bbox 295 3944 417 3999; x_wconf 86' lang='lat' dir='ltr'><strong>lloratiuu</strong></span> <span class='ocrx_word' id='word_1_301' title='bbox 433 3962 440 3999; x_wconf 74' lang='grc' dir='ltr'><strong>ι</strong></span> <span class='ocrx_word' id='word_1_302' title='bbox 454 3942 579 4001; x_wconf 86' lang='lat' dir='ltr'><strong>Cessator</strong></span> <span class='ocrx_word' id='word_1_303' title='bbox 589 3945 697 4006; x_wconf 82' lang='lat' dir='ltr'><strong>Dantur,</strong></span> <span class='ocrx_word' id='word_1_304' title='bbox 711 3944 737 3999; x_wconf 94' lang='lat' dir='ltr'><strong>id</strong></span> <span class='ocrx_word' id='word_1_305' title='bbox 751 3955 793 3998; x_wconf 92' lang='lat' dir='ltr'><strong>est</strong></span> <span class='ocrx_word' id='word_1_306' title='bbox 808 3946 921 4007; x_wconf 85' lang='lat' dir='ltr'><strong>otiosus,</strong></span> <span class='ocrx_word' id='word_1_307' title='bbox 934 3944 1018 4014; x_wconf 86' lang='lat' dir='ltr'><strong>piger,</strong></span> 
     </span>
     <span class='ocr_line' id='line_1_44' title="bbox 234 4024 1020 4106; baseline -0.008 -14"><span class='ocrx_word' id='word_1_308' title='bbox 234 4046 375 4092; x_wconf 77' lang='lat' dir='ltr'><strong>cunctator</strong></span> <span class='ocrx_word' id='word_1_309' title='bbox 389 4038 497 4091; x_wconf 87' lang='lat' dir='ltr'><strong>llamus.</strong></span> <span class='ocrx_word' id='word_1_310' title='bbox 513 4036 664 4106; x_wconf 76' lang='lat' dir='ltr'><strong>Aliquando</strong></span> <span class='ocrx_word' id='word_1_311' title='bbox 676 4024 808 4105; x_wconf 75' lang='lat' dir='ltr'><strong>signilt&#39;c‘ut</strong></span> <span class='ocrx_word' id='word_1_312' title='bbox 818 4035 960 4099; x_wconf 85' lang='lat' dir='ltr'><strong>desinere,</strong></span> <span class='ocrx_word' id='word_1_313' title='bbox 975 4045 1020 4087; x_wconf 90' lang='lat' dir='ltr'><strong>aut</strong></span> 
     </span>
     <span class='ocr_line' id='line_1_45' title="bbox 234 4127 942 4193; baseline -0.003 -11"><span class='ocrx_word' id='word_1_314' title='bbox 234 4127 314 4183; x_wconf 87' lang='lat' dir='ltr'><strong>llncut</strong></span> <span class='ocrx_word' id='word_1_315' title='bbox 327 4128 528 4193; x_wconf 70' lang='lat' dir='ltr'><strong>interemitur</strong></span> <span class='ocrx_word' id='word_1_316' title='bbox 541 4129 608 4183; x_wconf 89' lang='lat' dir='ltr'><strong>loeo.</strong></span> <span class='ocrx_word' id='word_1_317' title='bbox 625 4128 733 4185; x_wconf 75' lang='lat' dir='ltr'><strong>lividius</strong></span> <span class='ocrx_word' id='word_1_318' title='bbox 745 4130 771 4183; x_wconf 92' lang='lat' dir='ltr'><strong>in</strong></span> <span class='ocrx_word' id='word_1_319' title='bbox 786 4144 794 4182; x_wconf 91' lang='grc' dir='ltr'><strong>ι</strong></span> <span class='ocrx_word' id='word_1_320' title='bbox 809 4129 843 4183; x_wconf 91' lang='lat' dir='ltr'><strong>de</strong></span> <span class='ocrx_word' id='word_1_321' title='bbox 857 4128 922 4183; x_wconf 78' lang='lat' dir='ltr'><strong>rictu</strong></span> <span class='ocrx_word' id='word_1_322' title='bbox 936 4147 942 4180; x_wconf 80' lang='lat' dir='ltr'>z</span> 
     </span>
    </p>

    <p class='ocr_par' dir='ltr' id='par_1_16' title="bbox 235 4219 1019 4372">
     <span class='ocr_line' id='line_1_46' title="bbox 296 4219 894 4282; baseline -0.002 -14"><span class='ocrx_word' id='word_1_323' title='bbox 296 4219 336 4268; x_wconf 89' lang='lat' dir='ltr'><strong>Sic</strong></span> <span class='ocrx_word' id='word_1_324' title='bbox 348 4232 380 4268; x_wconf 93' lang='lat' dir='ltr'><strong>ne</strong></span> <span class='ocrx_word' id='word_1_325' title='bbox 396 4219 539 4282; x_wconf 90' lang='lat' dir='ltr'><strong>perdiderit,</strong></span> <span class='ocrx_word' id='word_1_326' title='bbox 550 4233 598 4269; x_wconf 88' lang='lat' dir='ltr'><strong>nou</strong></span> <span class='ocrx_word' id='word_1_327' title='bbox 609 4227 690 4270; x_wconf 90' lang='lat' dir='ltr'><strong>cessat</strong></span> <span class='ocrx_word' id='word_1_328' title='bbox 700 4220 807 4282; x_wconf 85' lang='lat' dir='ltr'><strong>perdere</strong></span> <span class='ocrx_word' id='word_1_329' title='bbox 819 4219 894 4269; x_wconf 89' lang='lat' dir='ltr'><strong>lusor.</strong></span> 
     </span>
     <span class='ocr_line' id='line_1_47' title="bbox 235 4299 1019 4372; baseline 0.001 -17"><span class='ocrx_word' id='word_1_330' title='bbox 235 4299 335 4370; x_wconf 79' lang='lat' dir='ltr'><strong>Estque</strong></span> <span class='ocrx_word' id='word_1_331' title='bbox 356 4301 576 4370; x_wconf 85' lang='lat' dir='ltr'><strong>lrequcntutivum</strong></span> <span class='ocrx_word' id='word_1_332' title='bbox 598 4316 613 4355; x_wconf 89' lang='lat' dir='ltr'><strong>a</strong></span> <span class='ocrx_word' id='word_1_333' title='bbox 635 4302 712 4365; x_wconf 90' lang='lat' dir='ltr'><strong>cedo,</strong></span> <span class='ocrx_word' id='word_1_334' title='bbox 728 4302 789 4372; x_wconf 87' lang='lat' dir='ltr'><strong>quia</strong></span> <span class='ocrx_word' id='word_1_335' title='bbox 802 4312 922 4357; x_wconf 91' lang='lat' dir='ltr'><strong>cessator</strong></span> <span class='ocrx_word' id='word_1_336' title='bbox 936 4302 1019 4356; x_wconf 77' lang='lat' dir='ltr'><strong>labori</strong></span> 
     </span>
    </p>
   </div>
   <div class='ocr_carea' id='block_1_13' title="bbox 234 4393 474 4449">
    <p class='ocr_par' dir='ltr' id='par_1_17' title="bbox 234 4393 474 4449">
     <span class='ocr_line' id='line_1_48' title="bbox 234 4393 474 4449; baseline 0.004 -2"><span class='ocrx_word' id='word_1_337' title='bbox 234 4393 314 4449; x_wconf 87' lang='lat' dir='ltr'><strong>cedit.</strong></span> <span class='ocrx_word' id='word_1_338' title='bbox 331 4394 474 4448; x_wconf 79' lang='lat' dir='ltr'><strong>Aeutcoua.</strong></span> 
     </span>
    </p>
   </div>
   <div class='ocr_carea' id='block_1_14' title="bbox 1070 522 1858 1767">
    <p class='ocr_par' dir='ltr' id='par_1_18' title="bbox 1072 522 1762 680">
     <span class='ocr_line' id='line_1_49' title="bbox 1072 522 1468 593; baseline 0.005 -17"><span class='ocrx_word' id='word_1_339' title='bbox 1072 522 1178 576; x_wconf 86' lang='lat' dir='ltr'><strong>AEneid.</strong></span> <span class='ocrx_word' id='word_1_340' title='bbox 1196 540 1242 591; x_wconf 90' lang='lat' dir='ltr'><strong>pro</strong></span> <span class='ocrx_word' id='word_1_341' title='bbox 1257 534 1369 593; x_wconf 79' lang='lat' dir='ltr'><strong>utroque</strong></span> <span class='ocrx_word' id='word_1_342' title='bbox 1384 526 1468 579; x_wconf 77' lang='lat' dir='ltr'><strong>dixit:</strong></span> 
     </span>
     <span class='ocr_line' id='line_1_50' title="bbox 1135 615 1762 680; baseline 0.01 -18"><span class='ocrx_word' id='word_1_343' title='bbox 1135 615 1164 663; x_wconf 80' lang='lat' dir='ltr'><strong>dt</strong></span> <span class='ocrx_word' id='word_1_344' title='bbox 1174 621 1273 675; x_wconf 86' lang='lat' dir='ltr'><strong>sperate</strong></span> <span class='ocrx_word' id='word_1_345' title='bbox 1285 615 1345 664; x_wconf 87' lang='lat' dir='ltr'><strong>deos</strong></span> <span class='ocrx_word' id='word_1_346' title='bbox 1356 629 1477 665; x_wconf 81' lang='lat' dir='ltr'><strong>memores</strong></span> <span class='ocrx_word' id='word_1_347' title='bbox 1489 616 1552 665; x_wconf 86' lang='lat' dir='ltr'><strong>laudi</strong></span> <span class='ocrx_word' id='word_1_348' title='bbox 1565 623 1640 679; x_wconf 76' lang='lat' dir='ltr'><strong>atque</strong></span> <span class='ocrx_word' id='word_1_349' title='bbox 1653 616 1762 680; x_wconf 83' lang='lat' dir='ltr'><strong>ttelandl,</strong></span> 
     </span>
    </p>

    <p class='ocr_par' dir='ltr' id='par_1_19' title="bbox 1071 696 1857 857">
     <span class='ocr_line' id='line_1_51' title="bbox 1072 696 1857 765; baseline 0.01 -15"><span class='ocrx_word' id='word_1_350' title='bbox 1072 706 1165 765; x_wconf 79' lang='lat' dir='ltr'><strong>estque</strong></span> <span class='ocrx_word' id='word_1_351' title='bbox 1182 697 1220 750; x_wconf 90' lang='lat' dir='ltr'><strong>las</strong></span> <span class='ocrx_word' id='word_1_352' title='bbox 1240 696 1310 765; x_wconf 84' lang='lat' dir='ltr'><strong>qttod</strong></span> <span class='ocrx_word' id='word_1_353' title='bbox 1331 697 1384 750; x_wconf 85' lang='lat' dir='ltr'><strong>lleo</strong></span> <span class='ocrx_word' id='word_1_354' title='bbox 1399 708 1506 752; x_wconf 90' lang='lat' dir='ltr'><strong>auctore</strong></span> <span class='ocrx_word' id='word_1_355' title='bbox 1530 699 1570 752; x_wconf 85' lang='lat' dir='ltr'><strong>rel</strong></span> <span class='ocrx_word' id='word_1_356' title='bbox 1596 700 1709 754; x_wconf 84' lang='lat' dir='ltr'><strong>naturali</strong></span> <span class='ocrx_word' id='word_1_357' title='bbox 1732 702 1857 758; x_wconf 70' lang='lat' dir='ltr'><strong>aeouttac</strong></span> 
     </span>
     <span class='ocr_line' id='line_1_52' title="bbox 1071 785 1718 857; baseline 0.008 -20"><span class='ocrx_word' id='word_1_358' title='bbox 1071 785 1181 839; x_wconf 83' lang='lat' dir='ltr'><strong>iacimus</strong></span> <span class='ocrx_word' id='word_1_359' title='bbox 1198 787 1284 839; x_wconf 91' lang='lat' dir='ltr'><strong>:sicut</strong></span> <span class='ocrx_word' id='word_1_360' title='bbox 1295 786 1348 854; x_wconf 85' lang='lat' dir='ltr'><strong>jus,</strong></span> <span class='ocrx_word' id='word_1_361' title='bbox 1362 787 1433 855; x_wconf 81' lang='lat' dir='ltr'><strong>quod</strong></span> <span class='ocrx_word' id='word_1_362' title='bbox 1445 787 1580 842; x_wconf 80' lang='lat' dir='ltr'><strong>huminum</strong></span> <span class='ocrx_word' id='word_1_363' title='bbox 1591 788 1665 857; x_wconf 84' lang='lat' dir='ltr'><strong>jussu</strong></span> <span class='ocrx_word' id='word_1_364' title='bbox 1680 790 1718 843; x_wconf 87' lang='lat' dir='ltr'><strong>tn.</strong></span> 
     </span>
    </p>

    <p class='ocr_par' dir='ltr' id='par_1_20' title="bbox 1108 873 1736 948">
     <span class='ocr_line' id='line_1_53' title="bbox 1108 873 1736 948; baseline 0.01 -21"><span class='ocrx_word' id='word_1_365' title='bbox 1108 873 1210 946; x_wconf 80' lang='lat' dir='ltr'><strong>Merita]</strong></span> <span class='ocrx_word' id='word_1_366' title='bbox 1227 875 1277 929; x_wconf 83' lang='lat' dir='ltr'><strong>Per</strong></span> <span class='ocrx_word' id='word_1_367' title='bbox 1292 877 1488 931; x_wconf 85' lang='lat' dir='ltr'><strong>translationem</strong></span> <span class='ocrx_word' id='word_1_368' title='bbox 1503 893 1552 948; x_wconf 92' lang='lat' dir='ltr'><strong>pro</strong></span> <span class='ocrx_word' id='word_1_369' title='bbox 1565 880 1650 947; x_wconf 93' lang='lat' dir='ltr'><strong>pretio</strong></span> <span class='ocrx_word' id='word_1_370' title='bbox 1660 879 1736 934; x_wconf 88' lang='lat' dir='ltr'><strong>dirit.</strong></span> 
     </span>
    </p>

    <p class='ocr_par' dir='ltr' id='par_1_21' title="bbox 1070 964 1858 1767">
     <span class='ocr_line' id='line_1_54' title="bbox 1107 964 1856 1038; baseline 0.013 -18"><span class='ocrx_word' id='word_1_371' title='bbox 1107 967 1239 1020; x_wconf 81' lang='lat' dir='ltr'><strong>Socratico</strong></span> <span class='ocrx_word' id='word_1_372' title='bbox 1253 964 1367 1036; x_wconf 83' lang='lat' dir='ltr'><strong>decreto]</strong></span> <span class='ocrx_word' id='word_1_373' title='bbox 1387 967 1451 1035; x_wconf 86' lang='lat' dir='ltr'><strong>Quia</strong></span> <span class='ocrx_word' id='word_1_374' title='bbox 1466 969 1604 1038; x_wconf 87' lang='lat' dir='ltr'><strong>Socrates,</strong></span> <span class='ocrx_word' id='word_1_375' title='bbox 1628 986 1687 1025; x_wconf 94' lang='lat' dir='ltr'><strong>cum</strong></span> <span class='ocrx_word' id='word_1_376' title='bbox 1707 980 1779 1026; x_wconf 87' lang='lat' dir='ltr'><strong>esset</strong></span> <span class='ocrx_word' id='word_1_377' title='bbox 1799 988 1856 1030; x_wconf 86' lang='lat' dir='ltr'><strong>mos</strong></span> 
     </span>
     <span class='ocr_line' id='line_1_55' title="bbox 1071 1059 1856 1134; baseline 0.01 -21"><span class='ocrx_word' id='word_1_378' title='bbox 1071 1059 1182 1113; x_wconf 80' lang='lat' dir='ltr'><strong>dtltcnis</strong></span> <span class='ocrx_word' id='word_1_379' title='bbox 1197 1068 1226 1113; x_wconf 93' lang='lat' dir='ltr'><strong>ut</strong></span> <span class='ocrx_word' id='word_1_380' title='bbox 1246 1075 1293 1114; x_wconf 90' lang='lat' dir='ltr'><strong>reo</strong></span> <span class='ocrx_word' id='word_1_381' title='bbox 1309 1061 1360 1116; x_wconf 86' lang='lat' dir='ltr'><strong>civi</strong></span> <span class='ocrx_word' id='word_1_382' title='bbox 1384 1063 1581 1130; x_wconf 87' lang='lat' dir='ltr'><strong>permitteretur</strong></span> <span class='ocrx_word' id='word_1_383' title='bbox 1601 1067 1732 1120; x_wconf 75' lang='lat' dir='ltr'><strong>estimare</strong></span> <span class='ocrx_word' id='word_1_384' title='bbox 1750 1081 1856 1134; x_wconf 80' lang='lat' dir='ltr'><strong>prunam</strong></span> 
     </span>
     <span class='ocr_line' id='line_1_56' title="bbox 1071 1150 1857 1225; baseline 0.014 -24"><span class='ocrx_word' id='word_1_385' title='bbox 1071 1163 1149 1216; x_wconf 81' lang='lat' dir='ltr'><strong>guam</strong></span> <span class='ocrx_word' id='word_1_386' title='bbox 1162 1165 1192 1204; x_wconf 91' lang='lat' dir='ltr'><strong>se</strong></span> <span class='ocrx_word' id='word_1_387' title='bbox 1205 1150 1327 1205; x_wconf 89' lang='lat' dir='ltr'><strong>erederet</strong></span> <span class='ocrx_word' id='word_1_388' title='bbox 1339 1153 1481 1218; x_wconf 89' lang='lat' dir='ltr'><strong>rneritum,</strong></span> <span class='ocrx_word' id='word_1_389' title='bbox 1495 1153 1573 1222; x_wconf 81' lang='lat' dir='ltr'><strong>idque</strong></span> <span class='ocrx_word' id='word_1_390' title='bbox 1586 1165 1710 1211; x_wconf 87' lang='lat' dir='ltr'><strong>accusato</strong></span> <span class='ocrx_word' id='word_1_391' title='bbox 1731 1157 1771 1210; x_wconf 91' lang='lat' dir='ltr'><strong>illi</strong></span> <span class='ocrx_word' id='word_1_392' title='bbox 1788 1157 1857 1225; x_wconf 81' lang='lat' dir='ltr'><strong>judi·</strong></span> 
     </span>
     <span class='ocr_line' id='line_1_57' title="bbox 1071 1243 1857 1316; baseline 0.011 -22"><span class='ocrx_word' id='word_1_393' title='bbox 1071 1255 1117 1296; x_wconf 89' lang='lat' dir='ltr'><strong>ees</strong></span> <span class='ocrx_word' id='word_1_394' title='bbox 1128 1243 1327 1307; x_wconf 87' lang='lat' dir='ltr'><strong>permitterent,</strong></span> <span class='ocrx_word' id='word_1_395' title='bbox 1350 1243 1417 1297; x_wconf 87' lang='lat' dir='ltr'><strong>dixit</strong></span> <span class='ocrx_word' id='word_1_396' title='bbox 1438 1244 1558 1298; x_wconf 91' lang='lat' dir='ltr'><strong>meritum</strong></span> <span class='ocrx_word' id='word_1_397' title='bbox 1580 1261 1609 1300; x_wconf 91' lang='lat' dir='ltr'><strong>se</strong></span> <span class='ocrx_word' id='word_1_398' title='bbox 1630 1254 1657 1300; x_wconf 93' lang='lat' dir='ltr'><strong>ut</strong></span> <span class='ocrx_word' id='word_1_399' title='bbox 1678 1248 1784 1316; x_wconf 87' lang='lat' dir='ltr'><strong>publice</strong></span> <span class='ocrx_word' id='word_1_400' title='bbox 1804 1249 1857 1303; x_wconf 85' lang='lat' dir='ltr'><strong>sihi</strong></span> 
     </span>
     <span class='ocr_line' id='line_1_58' title="bbox 1072 1333 1857 1394; baseline 0.008 -8"><span class='ocrx_word' id='word_1_401' title='bbox 1072 1333 1248 1388; x_wconf 77' lang='lat' dir='ltr'><strong>Athenienses</strong></span> <span class='ocrx_word' id='word_1_402' title='bbox 1260 1333 1357 1387; x_wconf 86' lang='lat' dir='ltr'><strong>victum</strong></span> <span class='ocrx_word' id='word_1_403' title='bbox 1373 1334 1476 1388; x_wconf 83' lang='lat' dir='ltr'><strong>darent.</strong></span> <span class='ocrx_word' id='word_1_404' title='bbox 1492 1336 1581 1390; x_wconf 88' lang='lat' dir='ltr'><strong>Noluit</strong></span> <span class='ocrx_word' id='word_1_405' title='bbox 1595 1339 1666 1391; x_wconf 83' lang='grc' dir='ltr'>ιιιῑιι</span> <span class='ocrx_word' id='word_1_406' title='bbox 1681 1353 1740 1392; x_wconf 91' lang='lat' dir='ltr'><strong>cum</strong></span> <span class='ocrx_word' id='word_1_407' title='bbox 1758 1354 1788 1394; x_wconf 91' lang='lat' dir='ltr'><strong>se</strong></span> <span class='ocrx_word' id='word_1_408' title='bbox 1804 1342 1857 1394; x_wconf 89' lang='lat' dir='ltr'><strong>sci-</strong></span> 
     </span>
     <span class='ocr_line' id='line_1_59' title="bbox 1071 1422 1858 1490; baseline 0.008 -14"><span class='ocrx_word' id='word_1_409' title='bbox 1071 1429 1113 1476; x_wconf 87' lang='lat' dir='ltr'><strong>ret</strong></span> <span class='ocrx_word' id='word_1_410' title='bbox 1127 1422 1192 1475; x_wconf 88' lang='lat' dir='ltr'><strong>nihil</strong></span> <span class='ocrx_word' id='word_1_411' title='bbox 1208 1437 1284 1490; x_wconf 83' lang='lat' dir='ltr'><strong>poena</strong></span> <span class='ocrx_word' id='word_1_412' title='bbox 1300 1423 1408 1490; x_wconf 88' lang='lat' dir='ltr'><strong>dignum</strong></span> <span class='ocrx_word' id='word_1_413' title='bbox 1423 1422 1529 1487; x_wconf 84' lang='lat' dir='ltr'><strong>iecisse,</strong></span> <span class='ocrx_word' id='word_1_414' title='bbox 1541 1427 1672 1480; x_wconf 76' lang='lat' dir='ltr'><strong>asttrnare</strong></span> <span class='ocrx_word' id='word_1_415' title='bbox 1687 1437 1731 1480; x_wconf 91' lang='lat' dir='ltr'><strong>aut</strong></span> <span class='ocrx_word' id='word_1_416' title='bbox 1744 1442 1858 1482; x_wconf 85' lang='lat' dir='ltr'><strong>censere</strong></span> 
     </span>
     <span class='ocr_line' id='line_1_60' title="bbox 1071 1514 1858 1586; baseline 0.009 -20"><span class='ocrx_word' id='word_1_417' title='bbox 1071 1514 1124 1567; x_wconf 91' lang='lat' dir='ltr'><strong>ulla</strong></span> <span class='ocrx_word' id='word_1_418' title='bbox 1140 1528 1216 1582; x_wconf 83' lang='lat' dir='ltr'><strong>poetta</strong></span> <span class='ocrx_word' id='word_1_419' title='bbox 1230 1528 1259 1567; x_wconf 91' lang='lat' dir='ltr'><strong>se</strong></span> <span class='ocrx_word' id='word_1_420' title='bbox 1270 1515 1395 1583; x_wconf 86' lang='lat' dir='ltr'><strong>dignum,</strong></span> <span class='ocrx_word' id='word_1_421' title='bbox 1410 1528 1560 1584; x_wconf 87' lang='lat' dir='ltr'><strong>quanquam</strong></span> <span class='ocrx_word' id='word_1_422' title='bbox 1574 1516 1609 1570; x_wconf 86' lang='lat' dir='ltr'><strong>ita</strong></span> <span class='ocrx_word' id='word_1_423' title='bbox 1624 1525 1696 1572; x_wconf 90' lang='lat' dir='ltr'><strong>esset</strong></span> <span class='ocrx_word' id='word_1_424' title='bbox 1706 1519 1772 1570; x_wconf 88' lang='lat' dir='ltr'><strong>iram</strong></span> <span class='ocrx_word' id='word_1_425' title='bbox 1785 1517 1858 1586; x_wconf 84' lang='lat' dir='ltr'><strong>judi·</strong></span> 
     </span>
     <span class='ocr_line' id='line_1_61' title="bbox 1070 1603 1858 1674; baseline 0.006 -16"><span class='ocrx_word' id='word_1_426' title='bbox 1070 1618 1131 1658; x_wconf 91' lang='lat' dir='ltr'><strong>oum</strong></span> <span class='ocrx_word' id='word_1_427' title='bbox 1151 1603 1322 1672; x_wconf 82' lang='lat' dir='ltr'><strong>placationem</strong></span> <span class='ocrx_word' id='word_1_428' title='bbox 1349 1603 1486 1657; x_wconf 80' lang='lat' dir='ltr'><strong>trahiturus</strong></span> <span class='ocrx_word' id='word_1_429' title='bbox 1509 1623 1515 1658; x_wconf 92' lang='lat'>:</span> <span class='ocrx_word' id='word_1_430' title='bbox 1540 1619 1593 1674; x_wconf 84' lang='lat' dir='ltr'><strong>quo</strong></span> <span class='ocrx_word' id='word_1_431' title='bbox 1616 1615 1669 1659; x_wconf 91' lang='lat' dir='ltr'><strong>tam</strong></span> <span class='ocrx_word' id='word_1_432' title='bbox 1697 1606 1783 1661; x_wconf 83' lang='lat' dir='ltr'><strong>liltero</strong></span> <span class='ocrx_word' id='word_1_433' title='bbox 1813 1624 1858 1663; x_wconf 89' lang='lat' dir='ltr'><strong>re-</strong></span> 
     </span>
     <span class='ocr_line' id='line_1_62' title="bbox 1071 1694 1856 1767; baseline 0.011 -21"><span class='ocrx_word' id='word_1_434' title='bbox 1071 1708 1168 1761; x_wconf 90' lang='lat' dir='ltr'><strong>sponso</strong></span> <span class='ocrx_word' id='word_1_435' title='bbox 1177 1694 1247 1747; x_wconf 91' lang='lat' dir='ltr'><strong>illius</strong></span> <span class='ocrx_word' id='word_1_436' title='bbox 1257 1695 1382 1748; x_wconf 89' lang='lat' dir='ltr'><strong>commoti</strong></span> <span class='ocrx_word' id='word_1_437' title='bbox 1391 1694 1856 1767; x_wconf 68' lang='lat' dir='ltr'><strong>judices,quasi,contemneremus,</strong></span> 
     </span>
    </p>
   </div>
   <div class='ocr_carea' id='block_1_15' title="bbox 1035 1785 1572 1847">
    <p class='ocr_par' dir='ltr' id='par_1_22' title="bbox 1035 1785 1572 1847">
     <span class='ocr_line' id='line_1_63' title="bbox 1035 1785 1572 1847; baseline 0.004 -9"><span class='ocrx_word' id='word_1_438' title='bbox 1035 1789 1058 1847; x_wconf 84' lang='grc' dir='ltr'>Β</span> <span class='ocrx_word' id='word_1_439' title='bbox 1072 1785 1104 1840; x_wconf 92' lang='lat' dir='ltr'><strong>ad</strong></span> <span class='ocrx_word' id='word_1_440' title='bbox 1116 1794 1227 1839; x_wconf 88' lang='lat' dir='ltr'><strong>martem</strong></span> <span class='ocrx_word' id='word_1_441' title='bbox 1243 1801 1303 1840; x_wconf 85' lang='lat' dir='ltr'><strong>eunt</strong></span> <span class='ocrx_word' id='word_1_442' title='bbox 1318 1787 1572 1842; x_wconf 85' lang='lat' dir='ltr'><strong>cuttdenmaterunt.</strong></span> 
     </span>
    </p>
   </div>
   <div class='ocr_carea' id='block_1_16' title="bbox 1069 1875 1860 2498">
    <p class='ocr_par' dir='ltr' id='par_1_23' title="bbox 1069 1875 1859 2226">
     <span class='ocr_line' id='line_1_64' title="bbox 1105 1875 1859 1953; baseline 0.011 -24"><span class='ocrx_word' id='word_1_443' title='bbox 1105 1875 1222 1948; x_wconf 79' lang='lat' dir='ltr'><strong>Decreta]</strong></span> <span class='ocrx_word' id='word_1_444' title='bbox 1243 1877 1270 1930; x_wconf 91' lang='lat' dir='ltr'><strong>ld</strong></span> <span class='ocrx_word' id='word_1_445' title='bbox 1291 1887 1346 1944; x_wconf 79' lang='lat' dir='ltr'><strong>est,</strong></span> <span class='ocrx_word' id='word_1_446' title='bbox 1363 1878 1433 1946; x_wconf 86' lang='lat' dir='ltr'><strong>quod</strong></span> <span class='ocrx_word' id='word_1_447' title='bbox 1453 1878 1545 1933; x_wconf 82' lang='lat' dir='ltr'><strong>Graece</strong></span> <span class='ocrx_word' id='word_1_448' title='bbox 1564 1878 1647 1953; x_wconf 68' lang='grc' dir='ltr'>δόγμα</span> <span class='ocrx_word' id='word_1_449' title='bbox 1661 1880 1770 1947; x_wconf 89' lang='lat' dir='ltr'><strong>dicitur,</strong></span> <span class='ocrx_word' id='word_1_450' title='bbox 1785 1883 1859 1952; x_wconf 80' lang='lat' dir='ltr'><strong>quoti</strong></span> 
     </span>
     <span class='ocr_line' id='line_1_65' title="bbox 1071 1967 1859 2039; baseline 0.004 -16"><span class='ocrx_word' id='word_1_451' title='bbox 1071 1968 1170 2023; x_wconf 81' lang='lat' dir='ltr'><strong>indocti</strong></span> <span class='ocrx_word' id='word_1_452' title='bbox 1195 1980 1242 2037; x_wconf 71' lang='lat' dir='ltr'><strong>pte</strong></span> <span class='ocrx_word' id='word_1_453' title='bbox 1262 1967 1380 2023; x_wconf 79' lang='lat' dir='ltr'><strong>do&#39;ctrina</strong></span> <span class='ocrx_word' id='word_1_454' title='bbox 1397 1971 1529 2039; x_wconf 82' lang='lat' dir='ltr'><strong>accipiunt</strong></span> <span class='ocrx_word' id='word_1_455' title='bbox 1546 1989 1551 2022; x_wconf 97' lang='lat'><strong>:</strong></span> <span class='ocrx_word' id='word_1_456' title='bbox 1567 1986 1628 2024; x_wconf 92' lang='lat' dir='ltr'><strong>cum</strong></span> <span class='ocrx_word' id='word_1_457' title='bbox 1652 1971 1721 2039; x_wconf 78' lang='lat' dir='ltr'><strong>agrtrd</strong></span> <span class='ocrx_word' id='word_1_458' title='bbox 1747 1969 1859 2027; x_wconf 76' lang='lat' dir='ltr'><strong>Graecos</strong></span> 
     </span>
     <span class='ocr_line' id='line_1_66' title="bbox 1069 2061 1859 2132; baseline 0.004 -17"><span class='ocrx_word' id='word_1_459' title='bbox 1069 2062 1148 2116; x_wconf 90' lang='lat' dir='ltr'><strong>etiam</strong></span> <span class='ocrx_word' id='word_1_460' title='bbox 1165 2061 1291 2131; x_wconf 77' lang='lat' dir='ltr'><strong>nitidquid</strong></span> <span class='ocrx_word' id='word_1_461' title='bbox 1304 2063 1415 2132; x_wconf 92' lang='lat' dir='ltr'><strong>populus</strong></span> <span class='ocrx_word' id='word_1_462' title='bbox 1426 2066 1526 2129; x_wconf 86' lang='lat' dir='ltr'><strong>statuit,</strong></span> <span class='ocrx_word' id='word_1_463' title='bbox 1541 2063 1635 2132; x_wconf 89' lang='lat' dir='ltr'><strong>dogma</strong></span> <span class='ocrx_word' id='word_1_464' title='bbox 1652 2074 1772 2129; x_wconf 83' lang='lat' dir='ltr'><strong>vocetur,</strong></span> <span class='ocrx_word' id='word_1_465' title='bbox 1788 2065 1859 2118; x_wconf 86' lang='lat' dir='ltr'><strong>sicut</strong></span> 
     </span>
     <span class='ocr_line' id='line_1_67' title="bbox 1070 2154 1767 2226; baseline 0.003 -20"><span class='ocrx_word' id='word_1_466' title='bbox 1070 2155 1138 2223; x_wconf 92' lang='lat' dir='ltr'><strong>apud</strong></span> <span class='ocrx_word' id='word_1_467' title='bbox 1155 2170 1202 2207; x_wconf 84' lang='lat' dir='ltr'><strong>trus</strong></span> <span class='ocrx_word' id='word_1_468' title='bbox 1217 2154 1354 2208; x_wconf 87' lang='lat' dir='ltr'><strong>decretum</strong></span> <span class='ocrx_word' id='word_1_469' title='bbox 1370 2157 1469 2226; x_wconf 89' lang='lat' dir='ltr'><strong>populi,</strong></span> <span class='ocrx_word' id='word_1_470' title='bbox 1483 2156 1618 2210; x_wconf 87' lang='lat' dir='ltr'><strong>decretum</strong></span> <span class='ocrx_word' id='word_1_471' title='bbox 1630 2156 1767 2222; x_wconf 88' lang='lat' dir='ltr'><strong>principis.</strong></span> 
     </span>
    </p>

    <p class='ocr_par' dir='ltr' id='par_1_24' title="bbox 1070 2243 1860 2498">
     <span class='ocr_line' id='line_1_68' title="bbox 1106 2243 1859 2315; baseline 0.001 -16"><span class='ocrx_word' id='word_1_472' title='bbox 1106 2243 1214 2315; x_wconf 84' lang='lat' dir='ltr'><strong>Seriern]</strong></span> <span class='ocrx_word' id='word_1_473' title='bbox 1226 2246 1315 2300; x_wconf 85' lang='lat' dir='ltr'><strong>Series</strong></span> <span class='ocrx_word' id='word_1_474' title='bbox 1332 2255 1490 2309; x_wconf 81' lang='lat' dir='ltr'><strong>potestesse</strong></span> <span class='ocrx_word' id='word_1_475' title='bbox 1503 2261 1517 2299; x_wconf 87' lang='lat' dir='ltr'><strong>a</strong></span> <span class='ocrx_word' id='word_1_476' title='bbox 1539 2246 1653 2300; x_wconf 87' lang='lat' dir='ltr'><strong>serendo</strong></span> <span class='ocrx_word' id='word_1_477' title='bbox 1672 2247 1761 2309; x_wconf 86' lang='lat' dir='ltr'><strong>dicta,</strong></span> <span class='ocrx_word' id='word_1_478' title='bbox 1780 2246 1859 2314; x_wconf 81' lang='lat' dir='ltr'><strong>guasi</strong></span> 
     </span>
     <span class='ocr_line' id='line_1_69' title="bbox 1070 2335 1860 2407; baseline 0.01 -21"><span class='ocrx_word' id='word_1_479' title='bbox 1070 2335 1136 2390; x_wconf 85' lang='lat' dir='ltr'><strong>ordo</strong></span> <span class='ocrx_word' id='word_1_480' title='bbox 1149 2351 1237 2390; x_wconf 87' lang='grc' dir='ltr'>ιιιιιι</span> <span class='ocrx_word' id='word_1_481' title='bbox 1252 2352 1267 2391; x_wconf 91' lang='lat' dir='ltr'><strong>a</strong></span> <span class='ocrx_word' id='word_1_482' title='bbox 1279 2339 1364 2406; x_wconf 89' lang='lat' dir='ltr'><strong>primo</strong></span> <span class='ocrx_word' id='word_1_483' title='bbox 1378 2339 1491 2404; x_wconf 77' lang='lat' dir='ltr'><strong>semitae,</strong></span> <span class='ocrx_word' id='word_1_484' title='bbox 1502 2338 1528 2393; x_wconf 90' lang='lat' dir='ltr'><strong>id</strong></span> <span class='ocrx_word' id='word_1_485' title='bbox 1543 2347 1584 2393; x_wconf 90' lang='lat' dir='ltr'><strong>est</strong></span> <span class='ocrx_word' id='word_1_486' title='bbox 1596 2338 1708 2407; x_wconf 89' lang='lat' dir='ltr'><strong>origine.</strong></span> <span class='ocrx_word' id='word_1_487' title='bbox 1720 2338 1819 2394; x_wconf 83' lang='lat' dir='ltr'><strong>Statius</strong></span> <span class='ocrx_word' id='word_1_488' title='bbox 1829 2339 1860 2394; x_wconf 92' lang='lat' dir='ltr'><strong>in</strong></span> 
     </span>
     <span class='ocr_line' id='line_1_70' title="bbox 1070 2427 1335 2498; baseline -0.008 -16"><span class='ocrx_word' id='word_1_489' title='bbox 1070 2429 1157 2498; x_wconf 89' lang='lat' dir='ltr'><strong>primo</strong></span> <span class='ocrx_word' id='word_1_490' title='bbox 1168 2427 1317 2483; x_wconf 86' lang='lat' dir='ltr'><strong>Tltebaidos</strong></span> <span class='ocrx_word' id='word_1_491' title='bbox 1329 2447 1335 2480; x_wconf 89' lang='lat'>:</span> 
     </span>
    </p>
   </div>
   <div class='ocr_carea' id='block_1_17' title="bbox 1071 2518 1390 2656">
    <p class='ocr_par' dir='ltr' id='par_1_25' title="bbox 1071 2518 1390 2656">
     <span class='ocr_line' id='line_1_71' title="bbox 1133 2518 1390 2582; baseline 0.012 -15"><span class='ocrx_word' id='word_1_492' title='bbox 1133 2518 1215 2582; x_wconf 86' lang='lat' dir='ltr'><strong>Longa</strong></span> <span class='ocrx_word' id='word_1_493' title='bbox 1224 2526 1291 2569; x_wconf 87' lang='lat' dir='ltr'><strong>retro</strong></span> <span class='ocrx_word' id='word_1_494' title='bbox 1303 2533 1390 2571; x_wconf 85' lang='lat' dir='ltr'><strong>serres.</strong></span> 
     </span>
     <span class='ocr_line' id='line_1_72' title="bbox 1071 2602 1212 2656; baseline -0.007 0"><span class='ocrx_word' id='word_1_495' title='bbox 1071 2602 1212 2656; x_wconf 79' lang='grc' dir='ltr'>Αιιιιοιι.</span> 
     </span>
    </p>
   </div>
   <div class='ocr_carea' id='block_1_18' title="bbox 1070 2689 1861 3020">
    <p class='ocr_par' dir='ltr' id='par_1_26' title="bbox 1070 2689 1861 3020">
     <span class='ocr_line' id='line_1_73' title="bbox 1107 2689 1861 2761; baseline 0.008 -16"><span class='ocrx_word' id='word_1_496' title='bbox 1107 2689 1191 2761; x_wconf 86' lang='lat' dir='ltr'><strong>Stplo]</strong></span> <span class='ocrx_word' id='word_1_497' title='bbox 1206 2696 1226 2746; x_wconf 83' lang='grc' dir='ltr'><strong>Α</strong></span> <span class='ocrx_word' id='word_1_498' title='bbox 1240 2691 1332 2749; x_wconf 79' lang='lat' dir='ltr'><strong>Graeco</strong></span> <span class='ocrx_word' id='word_1_499' title='bbox 1354 2695 1455 2758; x_wconf 72' lang='grc' dir='ltr'>στύλος,</span> <span class='ocrx_word' id='word_1_500' title='bbox 1470 2694 1496 2747; x_wconf 89' lang='lat' dir='ltr'><strong>id</strong></span> <span class='ocrx_word' id='word_1_501' title='bbox 1511 2701 1552 2748; x_wconf 85' lang='lat' dir='ltr'><strong>est</strong></span> <span class='ocrx_word' id='word_1_502' title='bbox 1572 2694 1692 2749; x_wconf 92' lang='lat' dir='ltr'><strong>columna</strong></span> <span class='ocrx_word' id='word_1_503' title='bbox 1712 2695 1801 2757; x_wconf 87' lang='lat' dir='ltr'><strong>venit,</strong></span> <span class='ocrx_word' id='word_1_504' title='bbox 1814 2694 1861 2752; x_wconf 85' lang='lat' dir='ltr'><strong>cut</strong></span> 
     </span>
     <span class='ocr_line' id='line_1_74' title="bbox 1070 2781 1861 2854; baseline 0.004 -19"><span class='ocrx_word' id='word_1_505' title='bbox 1070 2781 1151 2837; x_wconf 88' lang='lat' dir='ltr'><strong>simili</strong></span> <span class='ocrx_word' id='word_1_506' title='bbox 1166 2784 1320 2853; x_wconf 89' lang='lat' dir='ltr'><strong>eststylus,</strong></span> <span class='ocrx_word' id='word_1_507' title='bbox 1341 2785 1521 2854; x_wconf 77' lang='lat' dir='ltr'><strong>decipiturque</strong></span> <span class='ocrx_word' id='word_1_508' title='bbox 1545 2801 1592 2852; x_wconf 93' lang='lat' dir='ltr'><strong>pro</strong></span> <span class='ocrx_word' id='word_1_509' title='bbox 1614 2785 1754 2854; x_wconf 89' lang='lat' dir='ltr'><strong>scriptura.</strong></span> <span class='ocrx_word' id='word_1_510' title='bbox 1781 2784 1861 2839; x_wconf 88' lang='lat' dir='ltr'><strong>llnde</strong></span> 
     </span>
     <span class='ocr_line' id='line_1_75' title="bbox 1070 2871 1861 2943; baseline 0.003 -17"><span class='ocrx_word' id='word_1_511' title='bbox 1070 2871 1164 2926; x_wconf 87' lang='lat' dir='ltr'><strong>Cicero</strong></span> <span class='ocrx_word' id='word_1_512' title='bbox 1181 2876 1206 2926; x_wconf 87' lang='lat' dir='ltr'><strong>iu</strong></span> <span class='ocrx_word' id='word_1_513' title='bbox 1222 2889 1229 2925; x_wconf 90' lang='lat' dir='ltr'><strong>t</strong></span> <span class='ocrx_word' id='word_1_514' title='bbox 1243 2874 1276 2928; x_wconf 88' lang='lat' dir='ltr'><strong>de</strong></span> <span class='ocrx_word' id='word_1_515' title='bbox 1288 2873 1399 2928; x_wconf 85' lang='lat' dir='ltr'><strong>Oratore</strong></span> <span class='ocrx_word' id='word_1_516' title='bbox 1418 2875 1484 2927; x_wconf 82' lang='lat' dir='ltr'><strong>dixit</strong></span> <span class='ocrx_word' id='word_1_517' title='bbox 1498 2873 1594 2943; x_wconf 84' lang='lat' dir='ltr'><strong>st’ylnru</strong></span> <span class='ocrx_word' id='word_1_518' title='bbox 1610 2877 1738 2943; x_wconf 91' lang='lat' dir='ltr'><strong>optimum</strong></span> <span class='ocrx_word' id='word_1_519' title='bbox 1751 2874 1861 2928; x_wconf 91' lang='lat' dir='ltr'><strong>dicendi</strong></span> 
     </span>
     <span class='ocr_line' id='line_1_76' title="bbox 1072 2964 1860 3020; baseline 0.003 -4"><span class='ocrx_word' id='word_1_520' title='bbox 1072 2965 1212 3019; x_wconf 90' lang='lat' dir='ltr'><strong>artiliccut.</strong></span> <span class='ocrx_word' id='word_1_521' title='bbox 1240 2964 1324 3019; x_wconf 86' lang='lat' dir='ltr'><strong>Prisci</strong></span> <span class='ocrx_word' id='word_1_522' title='bbox 1344 2965 1442 3019; x_wconf 88' lang='lat' dir='ltr'><strong>ceratis</strong></span> <span class='ocrx_word' id='word_1_523' title='bbox 1465 2965 1560 3020; x_wconf 84' lang='lat' dir='ltr'><strong>tabulis</strong></span> <span class='ocrx_word' id='word_1_524' title='bbox 1583 2966 1701 3020; x_wconf 79' lang='lat' dir='ltr'><strong>seribere</strong></span> <span class='ocrx_word' id='word_1_525' title='bbox 1724 2965 1860 3020; x_wconf 80' lang='lat' dir='ltr'><strong>solebant.</strong></span> 
     </span>
    </p>
   </div>
   <div class='ocr_carea' id='block_1_19' title="bbox 1071 3055 1669 3281">
    <p class='ocr_par' dir='ltr' id='par_1_27' title="bbox 1071 3055 1669 3281">
     <span class='ocr_line' id='line_1_77' title="bbox 1071 3055 1461 3122; baseline 0.005 -13"><span class='ocrx_word' id='word_1_526' title='bbox 1071 3055 1181 3109; x_wconf 79' lang='lat' dir='ltr'><strong>Ouidius</strong></span> <span class='ocrx_word' id='word_1_527' title='bbox 1193 3057 1218 3108; x_wconf 93' lang='lat' dir='ltr'><strong>in</strong></span> <span class='ocrx_word' id='word_1_528' title='bbox 1232 3057 1317 3122; x_wconf 90' lang='lat' dir='ltr'><strong>primo</strong></span> <span class='ocrx_word' id='word_1_529' title='bbox 1331 3055 1364 3110; x_wconf 89' lang='lat' dir='ltr'><strong>de</strong></span> <span class='ocrx_word' id='word_1_530' title='bbox 1376 3055 1461 3111; x_wconf 82' lang='lat' dir='ltr'><strong>Arte:</strong></span> 
     </span>
     <span class='ocr_line' id='line_1_78' title="bbox 1166 3143 1669 3206; baseline -0.004 -12"><span class='ocrx_word' id='word_1_531' title='bbox 1166 3143 1228 3194; x_wconf 83' lang='lat' dir='ltr'><strong>Cera</strong></span> <span class='ocrx_word' id='word_1_532' title='bbox 1240 3152 1287 3193; x_wconf 80' lang='lat' dir='ltr'><strong>tuce</strong></span> <span class='ocrx_word' id='word_1_533' title='bbox 1301 3147 1402 3206; x_wconf 87' lang='lat' dir='ltr'><strong>primum</strong></span> <span class='ocrx_word' id='word_1_534' title='bbox 1415 3148 1508 3194; x_wconf 83' lang='lat' dir='ltr'><strong>conscia</strong></span> <span class='ocrx_word' id='word_1_535' title='bbox 1521 3146 1609 3195; x_wconf 89' lang='lat' dir='ltr'><strong>tuentis</strong></span> <span class='ocrx_word' id='word_1_536' title='bbox 1621 3154 1669 3194; x_wconf 90' lang='grc' dir='ltr'>ιιι.</span> 
     </span>
     <span class='ocr_line' id='line_1_79' title="bbox 1073 3228 1217 3281; baseline -0.007 -2"><span class='ocrx_word' id='word_1_537' title='bbox 1073 3228 1217 3281; x_wconf 77' lang='lat' dir='ltr'><strong>nentrum.</strong></span> 
     </span>
    </p>
   </div>
   <div class='ocr_carea' id='block_1_20' title="bbox 1071 3315 1864 4460">
    <p class='ocr_par' dir='ltr' id='par_1_28' title="bbox 1071 3315 1864 4460">
     <span class='ocr_line' id='line_1_80' title="bbox 1107 3315 1797 3389; baseline -0.003 -19"><span class='ocrx_word' id='word_1_538' title='bbox 1107 3317 1250 3389; x_wconf 80' lang='lat' dir='ltr'><strong>lienterioe]</strong></span> <span class='ocrx_word' id='word_1_539' title='bbox 1265 3317 1292 3373; x_wconf 93' lang='lat' dir='ltr'><strong>ld</strong></span> <span class='ocrx_word' id='word_1_540' title='bbox 1307 3328 1348 3373; x_wconf 89' lang='lat' dir='ltr'><strong>est</strong></span> <span class='ocrx_word' id='word_1_541' title='bbox 1361 3317 1610 3373; x_wconf 73' lang='lat' dir='ltr'><strong>conmemorationi</strong></span> <span class='ocrx_word' id='word_1_542' title='bbox 1623 3315 1797 3386; x_wconf 87' lang='lat' dir='ltr'><strong>posteritatis.</strong></span> 
     </span>
     <span class='ocr_line' id='line_1_81' title="bbox 1106 3408 1861 3480; baseline 0.001 -19"><span class='ocrx_word' id='word_1_543' title='bbox 1106 3408 1219 3480; x_wconf 78' lang='lat' dir='ltr'><strong>Litteris]</strong></span> <span class='ocrx_word' id='word_1_544' title='bbox 1235 3411 1333 3464; x_wconf 81' lang='lat' dir='ltr'><strong>Littera</strong></span> <span class='ocrx_word' id='word_1_545' title='bbox 1355 3411 1448 3464; x_wconf 82' lang='lat' dir='ltr'><strong>litterae</strong></span> <span class='ocrx_word' id='word_1_546' title='bbox 1467 3411 1493 3464; x_wconf 93' lang='lat' dir='ltr'><strong>in</strong></span> <span class='ocrx_word' id='word_1_547' title='bbox 1513 3411 1639 3477; x_wconf 82' lang='lat' dir='ltr'><strong>singulari</strong></span> <span class='ocrx_word' id='word_1_548' title='bbox 1662 3423 1773 3462; x_wconf 90' lang='lat' dir='ltr'><strong>numero</strong></span> <span class='ocrx_word' id='word_1_549' title='bbox 1789 3408 1861 3476; x_wconf 90' lang='lat' dir='ltr'><strong>apud</strong></span> 
     </span>
     <span class='ocr_line' id='line_1_82' title="bbox 1071 3499 1861 3571; baseline -0.005 -15"><span class='ocrx_word' id='word_1_550' title='bbox 1071 3510 1192 3556; x_wconf 90' lang='lat' dir='ltr'><strong>oratores</strong></span> <span class='ocrx_word' id='word_1_551' title='bbox 1207 3516 1255 3571; x_wconf 89' lang='lat' dir='ltr'><strong>pro</strong></span> <span class='ocrx_word' id='word_1_552' title='bbox 1265 3502 1391 3570; x_wconf 78' lang='lat' dir='ltr'><strong>singulari</strong></span> <span class='ocrx_word' id='word_1_553' title='bbox 1405 3502 1486 3570; x_wconf 84' lang='lat' dir='ltr'><strong>ltgtrra</strong></span> <span class='ocrx_word' id='word_1_554' title='bbox 1500 3513 1542 3555; x_wconf 93' lang='lat' dir='ltr'><strong>aut</strong></span> <span class='ocrx_word' id='word_1_555' title='bbox 1554 3504 1711 3555; x_wconf 83' lang='lat' dir='ltr'><strong>elutrnctere</strong></span> <span class='ocrx_word' id='word_1_556' title='bbox 1722 3515 1774 3568; x_wconf 77' lang='lat' dir='ltr'><strong>iguo</strong></span> <span class='ocrx_word' id='word_1_557' title='bbox 1790 3499 1861 3553; x_wconf 81' lang='lat' dir='ltr'><strong>seri·</strong></span> 
     </span>
     <span class='ocr_line' id='line_1_83' title="bbox 1071 3590 1864 3660; baseline 0.001 -16"><span class='ocrx_word' id='word_1_558' title='bbox 1071 3590 1158 3644; x_wconf 84' lang='lat' dir='ltr'><strong>hirnus</strong></span> <span class='ocrx_word' id='word_1_559' title='bbox 1170 3591 1299 3660; x_wconf 87' lang='lat' dir='ltr'><strong>accipitur</strong></span> <span class='ocrx_word' id='word_1_560' title='bbox 1312 3610 1319 3644; x_wconf 76' lang='grc' dir='ltr'><strong>ι</strong></span> <span class='ocrx_word' id='word_1_561' title='bbox 1333 3603 1361 3646; x_wconf 89' lang='grc' dir='ltr'><strong>ιι</strong></span> <span class='ocrx_word' id='word_1_562' title='bbox 1372 3605 1409 3647; x_wconf 80' lang='grc' dir='ltr'><strong>ιιι</strong></span> <span class='ocrx_word' id='word_1_563' title='bbox 1423 3610 1447 3658; x_wconf 89' lang='lat' dir='ltr'><strong>u,</strong></span> <span class='ocrx_word' id='word_1_564' title='bbox 1461 3594 1486 3657; x_wconf 84' lang='lat' dir='ltr'><strong>l,</strong></span> <span class='ocrx_word' id='word_1_565' title='bbox 1499 3593 1540 3646; x_wconf 86' lang='lat' dir='ltr'><strong>rel</strong></span> <span class='ocrx_word' id='word_1_566' title='bbox 1552 3610 1575 3645; x_wconf 86' lang='lat' dir='ltr'><strong>c.</strong></span> <span class='ocrx_word' id='word_1_567' title='bbox 1589 3593 1639 3646; x_wconf 84' lang='lat' dir='ltr'><strong>Pro</strong></span> <span class='ocrx_word' id='word_1_568' title='bbox 1649 3591 1760 3658; x_wconf 74' lang='lat' dir='ltr'><strong>cgristola</strong></span> <span class='ocrx_word' id='word_1_569' title='bbox 1771 3590 1864 3646; x_wconf 83' lang='lat' dir='ltr'><strong>solum</strong></span> 
     </span>
     <span class='ocr_line' id='line_1_84' title="bbox 1072 3684 1861 3754; baseline 0 -16"><span class='ocrx_word' id='word_1_570' title='bbox 1072 3686 1097 3739; x_wconf 93' lang='lat' dir='ltr'><strong>in</strong></span> <span class='ocrx_word' id='word_1_571' title='bbox 1110 3685 1203 3754; x_wconf 91' lang='lat' dir='ltr'><strong>plurali</strong></span> <span class='ocrx_word' id='word_1_572' title='bbox 1217 3687 1322 3740; x_wconf 91' lang='lat' dir='ltr'><strong>dicitur.</strong></span> <span class='ocrx_word' id='word_1_573' title='bbox 1333 3688 1421 3753; x_wconf 79' lang='lat' dir='ltr'><strong>Quare</strong></span> <span class='ocrx_word' id='word_1_574' title='bbox 1432 3684 1525 3740; x_wconf 86' lang='lat' dir='ltr'><strong>Cicero</strong></span> <span class='ocrx_word' id='word_1_575' title='bbox 1537 3701 1602 3739; x_wconf 80' lang='lat' dir='ltr'><strong>uitas</strong></span> <span class='ocrx_word' id='word_1_576' title='bbox 1610 3700 1716 3752; x_wconf 85' lang='lat' dir='ltr'><strong>semper·</strong></span> <span class='ocrx_word' id='word_1_577' title='bbox 1726 3694 1771 3737; x_wconf 90' lang='lat' dir='ltr'><strong>aut</strong></span> <span class='ocrx_word' id='word_1_578' title='bbox 1782 3685 1861 3738; x_wconf 75' lang='lat' dir='ltr'><strong>ltinas</strong></span> 
     </span>
     <span class='ocr_line' id='line_1_85' title="bbox 1072 3776 1861 3832; baseline 0 -1"><span class='ocrx_word' id='word_1_579' title='bbox 1072 3787 1118 3831; x_wconf 93' lang='lat' dir='ltr'><strong>aut</strong></span> <span class='ocrx_word' id='word_1_580' title='bbox 1136 3789 1224 3832; x_wconf 88' lang='lat' dir='ltr'><strong>ternas</strong></span> <span class='ocrx_word' id='word_1_581' title='bbox 1247 3779 1350 3832; x_wconf 92' lang='lat' dir='ltr'><strong>litteras</strong></span> <span class='ocrx_word' id='word_1_582' title='bbox 1370 3779 1443 3831; x_wconf 90' lang='lat' dir='ltr'><strong>dicit.</strong></span> <span class='ocrx_word' id='word_1_583' title='bbox 1471 3778 1557 3831; x_wconf 72' lang='lat' dir='ltr'><strong>Poetae</strong></span> <span class='ocrx_word' id='word_1_584' title='bbox 1583 3787 1670 3831; x_wconf 80' lang='lat' dir='ltr'><strong>tanuen</strong></span> <span class='ocrx_word' id='word_1_585' title='bbox 1700 3776 1861 3831; x_wconf 83' lang='lat' dir='ltr'><strong>tuccessitate</strong></span> 
     </span>
     <span class='ocr_line' id='line_1_86' title="bbox 1072 3867 1862 3940; baseline -0.001 -17"><span class='ocrx_word' id='word_1_586' title='bbox 1072 3870 1150 3924; x_wconf 90' lang='lat' dir='ltr'><strong>metri</strong></span> <span class='ocrx_word' id='word_1_587' title='bbox 1165 3871 1191 3924; x_wconf 90' lang='lat' dir='ltr'><strong>io</strong></span> <span class='ocrx_word' id='word_1_588' title='bbox 1205 3871 1331 3940; x_wconf 76' lang='lat' dir='ltr'><strong>singulari</strong></span> <span class='ocrx_word' id='word_1_589' title='bbox 1344 3886 1394 3939; x_wconf 86' lang='lat' dir='ltr'><strong>pro</strong></span> <span class='ocrx_word' id='word_1_590' title='bbox 1407 3871 1519 3938; x_wconf 88' lang='lat' dir='ltr'><strong>epistola</strong></span> <span class='ocrx_word' id='word_1_591' title='bbox 1541 3870 1684 3937; x_wconf 86' lang='lat' dir='ltr'><strong>accipiunt.</strong></span> <span class='ocrx_word' id='word_1_592' title='bbox 1701 3868 1812 3922; x_wconf 84' lang='lat' dir='ltr'><strong>Ouidius</strong></span> <span class='ocrx_word' id='word_1_593' title='bbox 1830 3867 1862 3922; x_wconf 85' lang='lat' dir='ltr'><strong>itt</strong></span> 
     </span>
     <span class='ocr_line' id='line_1_87' title="bbox 1072 3960 1220 4027; baseline 0.02 -15"><span class='ocrx_word' id='word_1_594' title='bbox 1072 3960 1198 4027; x_wconf 76' lang='lat' dir='ltr'><strong>Epistolis</strong></span> <span class='ocrx_word' id='word_1_595' title='bbox 1214 3979 1220 4015; x_wconf 93' lang='lat'><strong>:</strong></span> 
     </span>
     <span class='ocr_line' id='line_1_88' title="bbox 1134 4052 1734 4114; baseline 0 -14"><span class='ocrx_word' id='word_1_596' title='bbox 1134 4052 1209 4111; x_wconf 85' lang='lat' dir='ltr'><strong>Quam</strong></span> <span class='ocrx_word' id='word_1_597' title='bbox 1225 4053 1296 4114; x_wconf 84' lang='lat' dir='ltr'><strong>legis,</strong></span> <span class='ocrx_word' id='word_1_598' title='bbox 1313 4060 1404 4114; x_wconf 77' lang='lat' dir='ltr'><strong>aragus</strong></span> <span class='ocrx_word' id='word_1_599' title='bbox 1416 4053 1551 4114; x_wconf 82' lang='lat' dir='ltr'><strong>llrcyscide</strong></span> <span class='ocrx_word' id='word_1_600' title='bbox 1565 4053 1645 4102; x_wconf 87' lang='lat' dir='ltr'><strong>littera</strong></span> <span class='ocrx_word' id='word_1_601' title='bbox 1659 4054 1734 4101; x_wconf 75' lang='lat' dir='ltr'><strong>scirit.</strong></span> 
     </span>
     <span class='ocr_line' id='line_1_89' title="bbox 1072 4136 1217 4191; baseline 0 -1"><span class='ocrx_word' id='word_1_602' title='bbox 1072 4136 1217 4191; x_wconf 72' lang='lat' dir='ltr'><strong>Asntcoan.</strong></span> 
     </span>
     <span class='ocr_line' id='line_1_90' title="bbox 1107 4223 1859 4296; baseline 0.003 -18"><span class='ocrx_word' id='word_1_603' title='bbox 1107 4223 1211 4295; x_wconf 83' lang='lat' dir='ltr'><strong>Attittet]</strong></span> <span class='ocrx_word' id='word_1_604' title='bbox 1227 4227 1334 4296; x_wconf 90' lang='lat' dir='ltr'><strong>proprie</strong></span> <span class='ocrx_word' id='word_1_605' title='bbox 1346 4227 1473 4282; x_wconf 85' lang='lat' dir='ltr'><strong>adhibere</strong></span> <span class='ocrx_word' id='word_1_606' title='bbox 1496 4233 1535 4281; x_wconf 88' lang='lat' dir='ltr'><strong>vel</strong></span> <span class='ocrx_word' id='word_1_607' title='bbox 1556 4229 1691 4296; x_wconf 84' lang='lat' dir='ltr'><strong>applicare</strong></span> <span class='ocrx_word' id='word_1_608' title='bbox 1709 4227 1859 4296; x_wconf 82' lang='lat' dir='ltr'><strong>signifieat,</strong></span> 
     </span>
     <span class='ocr_line' id='line_1_91' title="bbox 1073 4319 1718 4387; baseline -0.002 -15"><span class='ocrx_word' id='word_1_609' title='bbox 1073 4319 1106 4374; x_wconf 81' lang='lat' dir='ltr'><strong>als</strong></span> <span class='ocrx_word' id='word_1_610' title='bbox 1119 4321 1153 4372; x_wconf 85' lang='lat' dir='ltr'><strong>ud</strong></span> <span class='ocrx_word' id='word_1_611' title='bbox 1167 4329 1194 4373; x_wconf 90' lang='grc' dir='ltr'><strong>ιι</strong></span> <span class='ocrx_word' id='word_1_612' title='bbox 1208 4330 1289 4373; x_wconf 84' lang='grc' dir='ltr'>ιιιιι.</span> <span class='ocrx_word' id='word_1_613' title='bbox 1307 4319 1412 4373; x_wconf 82' lang='lat' dir='ltr'><strong>Plautus</strong></span> <span class='ocrx_word' id='word_1_614' title='bbox 1424 4321 1450 4372; x_wconf 91' lang='lat' dir='ltr'><strong>in</strong></span> <span class='ocrx_word' id='word_1_615' title='bbox 1464 4320 1579 4387; x_wconf 90' lang='lat' dir='ltr'><strong>captivis</strong></span> <span class='ocrx_word' id='word_1_616' title='bbox 1593 4319 1696 4372; x_wconf 84' lang='lat' dir='ltr'><strong>duobus</strong></span> <span class='ocrx_word' id='word_1_617' title='bbox 1712 4336 1718 4371; x_wconf 80' lang='lat'><em>2</em></span> 
     </span>
     <span class='ocr_line' id='line_1_92' title="bbox 1133 4411 1409 4460; baseline -0.004 0"><span class='ocrx_word' id='word_1_618' title='bbox 1133 4411 1201 4460; x_wconf 83' lang='lat' dir='ltr'><strong>Nune</strong></span> <span class='ocrx_word' id='word_1_619' title='bbox 1212 4411 1302 4459; x_wconf 89' lang='lat' dir='ltr'><strong>cultros</strong></span> <span class='ocrx_word' id='word_1_620' title='bbox 1313 4412 1409 4459; x_wconf 89' lang='lat' dir='ltr'><strong>attinet.</strong></span> 
     </span>
    </p>
   </div>
   <div class='ocr_carea' id='block_1_21' title="bbox 271 4481 1859 4565">
    <p class='ocr_par' dir='ltr' id='par_1_29' title="bbox 271 4481 1859 4565">
     <span class='ocr_line' id='line_1_93' title="bbox 271 4481 1859 4565; baseline 0.003 -30"><span class='ocrx_word' id='word_1_621' title='bbox 271 4481 385 4554; x_wconf 77' lang='lat' dir='ltr'><strong>Ordinis]</strong></span> <span class='ocrx_word' id='word_1_622' title='bbox 397 4483 469 4539; x_wconf 84' lang='lat' dir='ltr'><strong>Ordo</strong></span> <span class='ocrx_word' id='word_1_623' title='bbox 483 4496 524 4540; x_wconf 92' lang='lat' dir='ltr'><strong>est</strong></span> <span class='ocrx_word' id='word_1_624' title='bbox 535 4485 675 4556; x_wconf 90' lang='lat' dir='ltr'><strong>dispositio</strong></span> <span class='ocrx_word' id='word_1_625' title='bbox 687 4496 760 4542; x_wconf 86' lang='lat' dir='ltr'><strong>certa</strong></span> <span class='ocrx_word' id='word_1_626' title='bbox 771 4501 859 4541; x_wconf 89' lang='lat' dir='ltr'><strong>rernm</strong></span> <span class='ocrx_word' id='word_1_627' title='bbox 872 4528 879 4551; x_wconf 91' lang='lat'><strong>,</strong></span> <span class='ocrx_word' id='word_1_628' title='bbox 893 4502 945 4556; x_wconf 79' lang='lat' dir='ltr'><strong>qna</strong></span> <span class='ocrx_word' id='word_1_629' title='bbox 964 4487 1020 4541; x_wconf 92' lang='lat' dir='ltr'><strong>col·</strong></span> <span class='ocrx_word' id='word_1_630' title='bbox 1034 4486 1061 4546; x_wconf 89' lang='lat' dir='ltr'>D</span> <span class='ocrx_word' id='word_1_631' title='bbox 1073 4496 1235 4565; x_wconf 82' lang='lat' dir='ltr'><strong>erandoque</strong></span> <span class='ocrx_word' id='word_1_632' title='bbox 1252 4495 1385 4564; x_wconf 84' lang='lat' dir='ltr'><strong>signiticat</strong></span> <span class='ocrx_word' id='word_1_633' title='bbox 1399 4494 1424 4547; x_wconf 88' lang='lat' dir='ltr'><strong>id</strong></span> <span class='ocrx_word' id='word_1_634' title='bbox 1439 4494 1509 4562; x_wconf 86' lang='lat' dir='ltr'><strong>quod</strong></span> <span class='ocrx_word' id='word_1_635' title='bbox 1525 4509 1593 4558; x_wconf 89' lang='lat' dir='ltr'><strong>opus</strong></span> <span class='ocrx_word' id='word_1_636' title='bbox 1608 4501 1665 4554; x_wconf 88' lang='lat' dir='ltr'><strong>est,</strong></span> <span class='ocrx_word' id='word_1_637' title='bbox 1684 4501 1713 4544; x_wconf 92' lang='lat' dir='ltr'><strong>nt</strong></span> <span class='ocrx_word' id='word_1_638' title='bbox 1726 4492 1776 4543; x_wconf 81' lang='lat' dir='ltr'><strong>troc</strong></span> <span class='ocrx_word' id='word_1_639' title='bbox 1799 4490 1859 4543; x_wconf 91' lang='lat' dir='ltr'><strong>loeo</strong></span> 
     </span>
    </p>
   </div>
   <div class='ocr_carea' id='block_1_22' title="bbox 214 4575 1020 5730">
    <p class='ocr_par' dir='ltr' id='par_1_30' title="bbox 233 4575 1018 4822">
     <span class='ocr_line' id='line_1_94' title="bbox 233 4575 1018 4649; baseline 0.005 -20"><span class='ocrx_word' id='word_1_640' title='bbox 233 4575 337 4629; x_wconf 86' lang='lat' dir='ltr'><strong>locatur</strong></span> <span class='ocrx_word' id='word_1_641' title='bbox 358 4576 420 4645; x_wconf 79' lang='lat' dir='ltr'><strong>‹pritl</strong></span> <span class='ocrx_word' id='word_1_642' title='bbox 441 4578 554 4645; x_wconf 88' lang='lat' dir='ltr'><strong>primunt</strong></span> <span class='ocrx_word' id='word_1_643' title='bbox 570 4581 624 4645; x_wconf 91' lang='lat' dir='ltr'><strong>sit,</strong></span> <span class='ocrx_word' id='word_1_644' title='bbox 642 4579 703 4649; x_wconf 85' lang='lat' dir='ltr'><strong>quid</strong></span> <span class='ocrx_word' id='word_1_645' title='bbox 717 4579 886 4646; x_wconf 89' lang='lat' dir='ltr'><strong>secundom,</strong></span> <span class='ocrx_word' id='word_1_646' title='bbox 908 4590 934 4633; x_wconf 93' lang='lat' dir='ltr'><strong>et</strong></span> <span class='ocrx_word' id='word_1_647' title='bbox 955 4580 1018 4648; x_wconf 83' lang='lat' dir='ltr'><strong>guid</strong></span> 
     </span>
     <span class='ocr_line' id='line_1_95' title="bbox 233 4664 534 4736; baseline 0 -16"><span class='ocrx_word' id='word_1_648' title='bbox 233 4664 370 4736; x_wconf 84' lang='lat' dir='ltr'><strong>deinceps.</strong></span> <span class='ocrx_word' id='word_1_649' title='bbox 388 4667 534 4722; x_wconf 86' lang='lat' dir='ltr'><strong>lloratins:</strong></span> 
     </span>
     <span class='ocr_line' id='line_1_96' title="bbox 295 4758 756 4822; baseline 0.004 -15"><span class='ocrx_word' id='word_1_650' title='bbox 295 4758 392 4808; x_wconf 89' lang='lat' dir='ltr'><strong>Ordinis</strong></span> <span class='ocrx_word' id='word_1_651' title='bbox 403 4760 455 4808; x_wconf 89' lang='lat' dir='ltr'><strong>ltacc</strong></span> <span class='ocrx_word' id='word_1_652' title='bbox 467 4761 543 4810; x_wconf 83' lang='lat' dir='ltr'><strong>uirtus</strong></span> <span class='ocrx_word' id='word_1_653' title='bbox 555 4762 613 4822; x_wconf 86' lang='lat' dir='ltr'><strong>erit,</strong></span> <span class='ocrx_word' id='word_1_654' title='bbox 626 4768 652 4810; x_wconf 93' lang='lat' dir='ltr'><strong>et</strong></span> <span class='ocrx_word' id='word_1_655' title='bbox 663 4760 756 4810; x_wconf 83' lang='lat' dir='ltr'><strong>Venus.</strong></span> 
     </span>
    </p>

    <p class='ocr_par' dir='ltr' id='par_1_31' title="bbox 232 4839 1020 5366">
     <span class='ocr_line' id='line_1_97' title="bbox 235 4839 1017 4910; baseline 0.001 -16"><span class='ocrx_word' id='word_1_656' title='bbox 235 4839 316 4894; x_wconf 79' lang='lat' dir='ltr'><strong>Erartt</strong></span> <span class='ocrx_word' id='word_1_657' title='bbox 330 4849 417 4896; x_wconf 91' lang='lat' dir='ltr'><strong>autem</strong></span> <span class='ocrx_word' id='word_1_658' title='bbox 431 4846 457 4895; x_wconf 92' lang='lat' dir='ltr'><strong>ln</strong></span> <span class='ocrx_word' id='word_1_659' title='bbox 473 4844 570 4910; x_wconf 87' lang='lat' dir='ltr'><strong>populo</strong></span> <span class='ocrx_word' id='word_1_660' title='bbox 581 4842 700 4896; x_wconf 84' lang='lat' dir='ltr'><strong>{lornano</strong></span> <span class='ocrx_word' id='word_1_661' title='bbox 714 4853 768 4897; x_wconf 90' lang='lat' dir='ltr'><strong>tres</strong></span> <span class='ocrx_word' id='word_1_662' title='bbox 783 4843 902 4907; x_wconf 87' lang='lat' dir='ltr'><strong>ordines,</strong></span> <span class='ocrx_word' id='word_1_663' title='bbox 921 4843 1017 4910; x_wconf 88' lang='lat' dir='ltr'><strong>plebis,</strong></span> 
     </span>
     <span class='ocr_line' id='line_1_98' title="bbox 232 4932 1020 5001; baseline 0.001 -16"><span class='ocrx_word' id='word_1_664' title='bbox 232 4940 261 4985; x_wconf 91' lang='lat' dir='ltr'><strong>et</strong></span> <span class='ocrx_word' id='word_1_665' title='bbox 270 4932 427 4999; x_wconf 90' lang='lat' dir='ltr'><strong>patrum‚id</strong></span> <span class='ocrx_word' id='word_1_666' title='bbox 442 4943 484 4986; x_wconf 90' lang='lat' dir='ltr'><strong>est</strong></span> <span class='ocrx_word' id='word_1_667' title='bbox 496 4944 620 4993; x_wconf 80' lang='lat' dir='ltr'><strong>senatus,</strong></span> <span class='ocrx_word' id='word_1_668' title='bbox 642 4943 669 4987; x_wconf 90' lang='lat' dir='ltr'><strong>et</strong></span> <span class='ocrx_word' id='word_1_669' title='bbox 690 4943 823 5001; x_wconf 75' lang='lat' dir='ltr'><strong>curtester,</strong></span> <span class='ocrx_word' id='word_1_670' title='bbox 848 4950 892 5001; x_wconf 83' lang='lat' dir='ltr'><strong>qun</strong></span> <span class='ocrx_word' id='word_1_671' title='bbox 915 4934 1020 4987; x_wconf 88' lang='lat' dir='ltr'><strong>medius</strong></span> 
     </span>
     <span class='ocr_line' id='line_1_99' title="bbox 232 5021 1019 5093; baseline 0.001 -17"><span class='ocrx_word' id='word_1_672' title='bbox 232 5030 291 5076; x_wconf 87' lang='lat' dir='ltr'><strong>erat</strong></span> <span class='ocrx_word' id='word_1_673' title='bbox 305 5022 374 5076; x_wconf 90' lang='lat' dir='ltr'><strong>iuter</strong></span> <span class='ocrx_word' id='word_1_674' title='bbox 389 5021 491 5089; x_wconf 85' lang='lat' dir='ltr'><strong>plebem</strong></span> <span class='ocrx_word' id='word_1_675' title='bbox 506 5033 532 5076; x_wconf 92' lang='lat' dir='ltr'><strong>et</strong></span> <span class='ocrx_word' id='word_1_676' title='bbox 553 5032 650 5090; x_wconf 89' lang='lat' dir='ltr'><strong>patres.</strong></span> <span class='ocrx_word' id='word_1_677' title='bbox 668 5024 804 5093; x_wconf 82' lang='lat' dir='ltr'><strong>Equestris</strong></span> <span class='ocrx_word' id='word_1_678' title='bbox 822 5025 923 5078; x_wconf 83' lang='lat' dir='ltr'><strong>ordinis</strong></span> <span class='ocrx_word' id='word_1_679' title='bbox 942 5033 1019 5088; x_wconf 90' lang='lat' dir='ltr'><strong>sunt,</strong></span> 
     </span>
     <span class='ocr_line' id='line_1_100' title="bbox 232 5112 1019 5184; baseline 0.001 -17"><span class='ocrx_word' id='word_1_680' title='bbox 232 5114 277 5184; x_wconf 85' lang='lat' dir='ltr'><strong>qui</strong></span> <span class='ocrx_word' id='word_1_681' title='bbox 294 5112 373 5168; x_wconf 88' lang='lat' dir='ltr'><strong>ltodie</strong></span> <span class='ocrx_word' id='word_1_682' title='bbox 390 5113 424 5166; x_wconf 84' lang='lat' dir='ltr'><strong>alt</strong></span> <span class='ocrx_word' id='word_1_683' title='bbox 447 5113 560 5167; x_wconf 90' lang='lat' dir='ltr'><strong>indoctis</strong></span> <span class='ocrx_word' id='word_1_684' title='bbox 581 5115 680 5169; x_wconf 86' lang='lat' dir='ltr'><strong>milites</strong></span> <span class='ocrx_word' id='word_1_685' title='bbox 699 5126 838 5170; x_wconf 88' lang='lat' dir='ltr'><strong>uocantur.</strong></span> <span class='ocrx_word' id='word_1_686' title='bbox 861 5116 926 5169; x_wconf 87' lang='lat' dir='ltr'><strong>Nam</strong></span> <span class='ocrx_word' id='word_1_687' title='bbox 943 5117 1019 5168; x_wconf 81' lang='lat' dir='ltr'><strong>ruilus</strong></span> 
     </span>
     <span class='ocr_line' id='line_1_101' title="bbox 232 5204 1018 5275; baseline 0.003 -15"><span class='ocrx_word' id='word_1_688' title='bbox 232 5219 338 5261; x_wconf 83' lang='lat' dir='ltr'><strong>arranem</strong></span> <span class='ocrx_word' id='word_1_689' title='bbox 358 5204 431 5259; x_wconf 91' lang='lat' dir='ltr'><strong>illum</strong></span> <span class='ocrx_word' id='word_1_690' title='bbox 446 5204 575 5271; x_wconf 84' lang='lat' dir='ltr'><strong>significat</strong></span> <span class='ocrx_word' id='word_1_691' title='bbox 593 5207 637 5274; x_wconf 78' lang='lat' dir='ltr'><strong>uui</strong></span> <span class='ocrx_word' id='word_1_692' title='bbox 659 5206 818 5275; x_wconf 87' lang='lat' dir='ltr'><strong>stipendium</strong></span> <span class='ocrx_word' id='word_1_693' title='bbox 842 5206 912 5260; x_wconf 90' lang='lat' dir='ltr'><strong>bello</strong></span> <span class='ocrx_word' id='word_1_694' title='bbox 933 5223 1018 5262; x_wconf 91' lang='lat' dir='ltr'><strong>mere-</strong></span> 
     </span>
     <span class='ocr_line' id='line_1_102' title="bbox 232 5294 899 5366; baseline -0.001 -14"><span class='ocrx_word' id='word_1_695' title='bbox 232 5304 286 5361; x_wconf 87' lang='lat' dir='ltr'><strong>tur,</strong></span> <span class='ocrx_word' id='word_1_696' title='bbox 302 5310 366 5366; x_wconf 93' lang='lat' dir='ltr'><strong>ergo</strong></span> <span class='ocrx_word' id='word_1_697' title='bbox 380 5294 445 5350; x_wconf 92' lang='lat' dir='ltr'><strong>dicit</strong></span> <span class='ocrx_word' id='word_1_698' title='bbox 458 5295 528 5350; x_wconf 89' lang='lat' dir='ltr'><strong>illius</strong></span> <span class='ocrx_word' id='word_1_699' title='bbox 540 5296 652 5361; x_wconf 87' lang='lat' dir='ltr'><strong>ordinis,</strong></span> <span class='ocrx_word' id='word_1_700' title='bbox 667 5296 692 5349; x_wconf 91' lang='lat' dir='ltr'><strong>id</strong></span> <span class='ocrx_word' id='word_1_701' title='bbox 707 5306 748 5351; x_wconf 89' lang='lat' dir='ltr'><strong>est</strong></span> <span class='ocrx_word' id='word_1_702' title='bbox 762 5297 899 5352; x_wconf 86' lang='lat' dir='ltr'><strong>senatorii.</strong></span> 
     </span>
    </p>

    <p class='ocr_par' dir='ltr' id='par_1_32' title="bbox 214 5384 1019 5730">
     <span class='ocr_line' id='line_1_103' title="bbox 269 5384 1019 5459; baseline -0.004 -19"><span class='ocrx_word' id='word_1_703' title='bbox 269 5384 362 5459; x_wconf 74' lang='lat' dir='ltr'><strong>Nesus]</strong></span> <span class='ocrx_word' id='word_1_704' title='bbox 372 5386 423 5440; x_wconf 84' lang='lat' dir='ltr'><strong>Fas</strong></span> <span class='ocrx_word' id='word_1_705' title='bbox 433 5395 459 5440; x_wconf 93' lang='lat' dir='ltr'><strong>et</strong></span> <span class='ocrx_word' id='word_1_706' title='bbox 470 5385 555 5451; x_wconf 76' lang='lat' dir='ltr'><strong>nclaS,</strong></span> <span class='ocrx_word' id='word_1_707' title='bbox 569 5385 636 5440; x_wconf 89' lang='lat' dir='ltr'><strong>sicut</strong></span> <span class='ocrx_word' id='word_1_708' title='bbox 655 5385 765 5440; x_wconf 80' lang='lat' dir='ltr'><strong>damatus</strong></span> <span class='ocrx_word' id='word_1_709' title='bbox 780 5398 807 5441; x_wconf 91' lang='grc' dir='ltr'><strong>ιι</strong></span> <span class='ocrx_word' id='word_1_710' title='bbox 821 5388 921 5441; x_wconf 88' lang='lat' dir='ltr'><strong>inllcias</strong></span> <span class='ocrx_word' id='word_1_711' title='bbox 946 5385 1019 5440; x_wconf 89' lang='lat' dir='ltr'><strong>inde-</strong></span> 
     </span>
     <span class='ocr_line' id='line_1_104' title="bbox 231 5476 1019 5546; baseline -0.003 -12"><span class='ocrx_word' id='word_1_712' title='bbox 231 5476 364 5534; x_wconf 85' lang='lat' dir='ltr'><strong>clinabilia</strong></span> <span class='ocrx_word' id='word_1_713' title='bbox 377 5489 450 5532; x_wconf 88' lang='lat' dir='ltr'><strong>sunt.</strong></span> <span class='ocrx_word' id='word_1_714' title='bbox 468 5478 585 5532; x_wconf 82' lang='lat' dir='ltr'><strong>Dicimus</strong></span> <span class='ocrx_word' id='word_1_715' title='bbox 599 5488 688 5532; x_wconf 85' lang='lat' dir='ltr'><strong>autom</strong></span> <span class='ocrx_word' id='word_1_716' title='bbox 704 5479 804 5534; x_wconf 80' lang='lat' dir='ltr'><strong>iniurias</strong></span> <span class='ocrx_word' id='word_1_717' title='bbox 817 5495 861 5546; x_wconf 92' lang='lat' dir='ltr'><strong>eo,</strong></span> <span class='ocrx_word' id='word_1_718' title='bbox 877 5480 959 5534; x_wconf 84' lang='lat' dir='ltr'><strong>idest</strong></span> <span class='ocrx_word' id='word_1_719' title='bbox 978 5481 1019 5534; x_wconf 91' lang='lat' dir='ltr'><strong>in·</strong></span> 
     </span>
     <span class='ocr_line' id='line_1_105' title="bbox 231 5556 1019 5637; baseline 0.001 -13"><span class='ocrx_word' id='word_1_720' title='bbox 231 5563 309 5624; x_wconf 80' lang='lat' dir='ltr'><strong>licior</strong></span> <span class='ocrx_word' id='word_1_721' title='bbox 322 5569 362 5622; x_wconf 86' lang='lat' dir='ltr'><strong>uel</strong></span> <span class='ocrx_word' id='word_1_722' title='bbox 376 5583 454 5637; x_wconf 83' lang='lat' dir='ltr'><strong>nega,</strong></span> <span class='ocrx_word' id='word_1_723' title='bbox 468 5556 494 5621; x_wconf 75' lang='lat' dir='ltr'><strong>ct</strong></span> <span class='ocrx_word' id='word_1_724' title='bbox 505 5567 689 5636; x_wconf 85' lang='lat' dir='ltr'><strong>jurisconsulti</strong></span> <span class='ocrx_word' id='word_1_725' title='bbox 705 5568 815 5623; x_wconf 88' lang='lat' dir='ltr'><strong>dicunt:</strong></span> <span class='ocrx_word' id='word_1_726' title='bbox 833 5570 916 5625; x_wconf 81' lang='lat' dir='ltr'><strong>litias</strong></span> <span class='ocrx_word' id='word_1_727' title='bbox 933 5568 1019 5625; x_wconf 79' lang='lat' dir='ltr'><strong>liures</strong></span> 
     </span>
     <span class='ocr_line' id='line_1_106' title="bbox 214 5657 1019 5730; baseline 0.009 -21"><span class='ocrx_word' id='word_1_728' title='bbox 214 5674 216 5679; x_wconf 95' lang='lat'>·</span> <span class='ocrx_word' id='word_1_729' title='bbox 234 5665 308 5714; x_wconf 82' lang='lat' dir='ltr'><strong>meus</strong></span> <span class='ocrx_word' id='word_1_730' title='bbox 319 5657 383 5712; x_wconf 86' lang='lat' dir='ltr'><strong>&#39;lein</strong></span> <span class='ocrx_word' id='word_1_731' title='bbox 397 5667 500 5714; x_wconf 88' lang='lat' dir='ltr'><strong>centum</strong></span> <span class='ocrx_word' id='word_1_732' title='bbox 512 5659 622 5714; x_wconf 85' lang='lat' dir='ltr'><strong>damnas</strong></span> <span class='ocrx_word' id='word_1_733' title='bbox 637 5669 705 5724; x_wconf 88' lang='lat' dir='ltr'><strong>esto,</strong></span> <span class='ocrx_word' id='word_1_734' title='bbox 720 5660 744 5714; x_wconf 92' lang='lat' dir='ltr'><strong>id</strong></span> <span class='ocrx_word' id='word_1_735' title='bbox 759 5671 799 5716; x_wconf 89' lang='lat' dir='ltr'><strong>est</strong></span> <span class='ocrx_word' id='word_1_736' title='bbox 811 5662 952 5730; x_wconf 86' lang='lat' dir='ltr'><strong>obligatus.</strong></span> <span class='ocrx_word' id='word_1_737' title='bbox 968 5661 1019 5716; x_wconf 85' lang='lat' dir='ltr'><strong>Fas</strong></span> 
     </span>
    </p>
   </div>
   <div class='ocr_carea' id='block_1_23' title="bbox 1072 4580 1930 5099">
    <p class='ocr_par' dir='ltr' id='par_1_33' title="bbox 1072 4580 1857 4745">
     <span class='ocr_line' id='line_1_107' title="bbox 1072 4580 1857 4657; baseline -0.008 -18"><span class='ocrx_word' id='word_1_738' title='bbox 1072 4589 1183 4657; x_wconf 85' lang='lat' dir='ltr'><strong>Quintil.</strong></span> <span class='ocrx_word' id='word_1_739' title='bbox 1202 4588 1228 4643; x_wconf 90' lang='lat' dir='ltr'><strong>in</strong></span> <span class='ocrx_word' id='word_1_740' title='bbox 1244 4602 1279 4640; x_wconf 85' lang='grc' dir='ltr'><strong>ιιι</strong></span> <span class='ocrx_word' id='word_1_741' title='bbox 1292 4586 1487 4641; x_wconf 87' lang='lat' dir='ltr'><strong>institutionum</strong></span> <span class='ocrx_word' id='word_1_742' title='bbox 1506 4584 1595 4650; x_wconf 82' lang='lat' dir='ltr'><strong>:Quid</strong></span> <span class='ocrx_word' id='word_1_743' title='bbox 1610 4585 1705 4639; x_wconf 88' lang='lat' dir='ltr'><strong>attinet</strong></span> <span class='ocrx_word' id='word_1_744' title='bbox 1720 4593 1773 4636; x_wconf 80' lang='lat' dir='ltr'><strong>utun</strong></span> <span class='ocrx_word' id='word_1_745' title='bbox 1790 4580 1857 4634; x_wconf 88' lang='lat' dir='ltr'><strong>ntul-</strong></span> 
     </span>
     <span class='ocr_line' id='line_1_108' title="bbox 1075 4680 1272 4745; baseline -0.01 -12"><span class='ocrx_word' id='word_1_746' title='bbox 1075 4680 1109 4733; x_wconf 89' lang='lat' dir='ltr'><strong>tis</strong></span> <span class='ocrx_word' id='word_1_747' title='bbox 1121 4680 1208 4745; x_wconf 91' lang='lat' dir='ltr'><strong>aunis,</strong></span> <span class='ocrx_word' id='word_1_748' title='bbox 1221 4690 1272 4733; x_wconf 90' lang='lat' dir='ltr'><strong>etc.</strong></span> 
     </span>
    </p>

    <p class='ocr_par' dir='ltr' id='par_1_34' title="bbox 1073 4764 1930 5099">
     <span class='ocr_line' id='line_1_109' title="bbox 1111 4764 1930 4841; baseline -0.018 -15"><span class='ocrx_word' id='word_1_749' title='bbox 1111 4769 1166 4841; x_wconf 79' lang='lat' dir='ltr'><strong>Uti]</strong></span> <span class='ocrx_word' id='word_1_750' title='bbox 1180 4770 1245 4826; x_wconf 87' lang='lat' dir='ltr'><strong>Utor</strong></span> <span class='ocrx_word' id='word_1_751' title='bbox 1259 4770 1413 4823; x_wconf 83' lang='lat' dir='ltr'><strong>accusativo</strong></span> <span class='ocrx_word' id='word_1_752' title='bbox 1424 4767 1553 4836; x_wconf 69' lang='lat' dir='ltr'><strong>jungitur.</strong></span> <span class='ocrx_word' id='word_1_753' title='bbox 1565 4766 1677 4832; x_wconf 82' lang='lat' dir='ltr'><strong>Quintil.</strong></span> <span class='ocrx_word' id='word_1_754' title='bbox 1694 4765 1720 4817; x_wconf 93' lang='lat' dir='ltr'><strong>in</strong></span> <span class='ocrx_word' id='word_1_755' title='bbox 1733 4779 1739 4815; x_wconf 92' lang='lat' dir='ltr'><strong>t</strong></span> <span class='ocrx_word' id='word_1_756' title='bbox 1754 4764 1861 4816; x_wconf 85' lang='lat' dir='ltr'><strong>lnstitu-</strong></span> <span class='ocrx_word' id='word_1_757' title='bbox 1927 4766 1930 4771; x_wconf 86' lang='grc'><strong>“</strong></span> 
     </span>
     <span class='ocr_line' id='line_1_110' title="bbox 1073 4857 1863 4920; baseline -0.011 -9"><span class='ocrx_word' id='word_1_758' title='bbox 1073 4860 1173 4912; x_wconf 90' lang='lat' dir='ltr'><strong>tionum</strong></span> <span class='ocrx_word' id='word_1_759' title='bbox 1189 4877 1195 4911; x_wconf 82' lang='lat'>2</span> <span class='ocrx_word' id='word_1_760' title='bbox 1214 4858 1344 4913; x_wconf 87' lang='lat' dir='ltr'><strong>Utendum</strong></span> <span class='ocrx_word' id='word_1_761' title='bbox 1364 4868 1405 4909; x_wconf 89' lang='lat' dir='ltr'><strong>est</strong></span> <span class='ocrx_word' id='word_1_762' title='bbox 1425 4872 1484 4909; x_wconf 87' lang='lat' dir='ltr'><strong>etun</strong></span> <span class='ocrx_word' id='word_1_763' title='bbox 1506 4869 1669 4915; x_wconf 86' lang='lat' dir='ltr'><strong>sermonem,</strong></span> <span class='ocrx_word' id='word_1_764' title='bbox 1694 4857 1797 4920; x_wconf 78' lang='lat' dir='ltr'><strong>ltneque</strong></span> <span class='ocrx_word' id='word_1_765' title='bbox 1820 4866 1863 4902; x_wconf 85' lang='lat' dir='ltr'><strong>re·</strong></span> 
     </span>
     <span class='ocr_line' id='line_1_111' title="bbox 1074 4943 1860 5015; baseline -0.017 -11"><span class='ocrx_word' id='word_1_766' title='bbox 1074 4954 1171 5006; x_wconf 80' lang='lat' dir='ltr'><strong>iustius</strong></span> <span class='ocrx_word' id='word_1_767' title='bbox 1181 4958 1237 5015; x_wconf 78' lang='lat' dir='ltr'><strong>esi,</strong></span> <span class='ocrx_word' id='word_1_768' title='bbox 1257 4959 1285 5003; x_wconf 90' lang='lat' dir='ltr'><strong>ut</strong></span> <span class='ocrx_word' id='word_1_769' title='bbox 1298 4948 1413 5001; x_wconf 72' lang='lat' dir='ltr'><strong>:nutatim</strong></span> <span class='ocrx_word' id='word_1_770' title='bbox 1424 4949 1549 5015; x_wconf 77' lang='lat' dir='ltr'><strong>jungatur</strong></span> <span class='ocrx_word' id='word_1_771' title='bbox 1564 4945 1690 4998; x_wconf 83' lang='lat' dir='ltr'><strong>usitatius</strong></span> <span class='ocrx_word' id='word_1_772' title='bbox 1709 4953 1760 4996; x_wconf 86' lang='lat' dir='ltr'><strong>est.</strong></span> <span class='ocrx_word' id='word_1_773' title='bbox 1781 4943 1860 4994; x_wconf 77' lang='lat' dir='ltr'><strong>iture-</strong></span> 
     </span>
     <span class='ocr_line' id='line_1_112' title="bbox 1073 5060 1160 5099; baseline 0.023 -2"><span class='ocrx_word' id='word_1_774' title='bbox 1073 5060 1105 5097; x_wconf 90' lang='lat' dir='ltr'><strong>uu</strong></span> <span class='ocrx_word' id='word_1_775' title='bbox 1119 5060 1160 5099; x_wconf 85' lang='lat' dir='ltr'><strong>ts:</strong></span> 
     </span>
    </p>
   </div>
   <div class='ocr_carea' id='block_1_24' title="bbox 1136 5129 1567 5245">
    <p class='ocr_par' dir='ltr' id='par_1_35' title="bbox 1136 5129 1567 5245">
     <span class='ocr_line' id='line_1_113' title="bbox 1245 5129 1567 5180; baseline -0.012 -1"><span class='ocrx_word' id='word_1_776' title='bbox 1245 5132 1314 5180; x_wconf 79' lang='lat' dir='ltr'><strong>ilodo</strong></span> <span class='ocrx_word' id='word_1_777' title='bbox 1325 5133 1369 5179; x_wconf 82' lang='lat' dir='ltr'><strong>suit</strong></span> <span class='ocrx_word' id='word_1_778' title='bbox 1382 5129 1460 5180; x_wconf 88' lang='lat' dir='ltr'><strong>lodice</strong></span> <span class='ocrx_word' id='word_1_779' title='bbox 1475 5130 1567 5177; x_wconf 83' lang='lat' dir='ltr'><strong>relictis</strong></span> 
     </span>
     <span class='ocr_line' id='line_1_114' title="bbox 1136 5193 1345 5245; baseline -0.024 -2"><span class='ocrx_word' id='word_1_780' title='bbox 1136 5193 1217 5245; x_wconf 88' lang='lat' dir='ltr'><strong>Uteris</strong></span> <span class='ocrx_word' id='word_1_781' title='bbox 1229 5195 1255 5243; x_wconf 89' lang='lat' dir='ltr'><strong>iu</strong></span> <span class='ocrx_word' id='word_1_782' title='bbox 1266 5195 1345 5243; x_wconf 80' lang='lat' dir='ltr'><strong>turim.</strong></span> 
     </span>
    </p>
   </div>
   <div class='ocr_carea' id='block_1_25' title="bbox 1074 5279 1859 5437">
    <p class='ocr_par' dir='ltr' id='par_1_36' title="bbox 1074 5279 1859 5437">
     <span class='ocr_line' id='line_1_115' title="bbox 1074 5279 1859 5437; baseline -0.023 -14"><span class='ocrx_word' id='word_1_783' title='bbox 1074 5279 1245 5437; x_wconf 42' lang='lat' dir='ltr'><strong>“mistel</strong></span> <span class='ocrx_word' id='word_1_784' title='bbox 1262 5367 1353 5421; x_wconf 84' lang='lat' dir='ltr'><strong>Licere</strong></span> <span class='ocrx_word' id='word_1_785' title='bbox 1368 5364 1473 5435; x_wconf 89' lang='lat' dir='ltr'><strong>proprie</strong></span> <span class='ocrx_word' id='word_1_786' title='bbox 1489 5361 1584 5416; x_wconf 90' lang='lat' dir='ltr'><strong>dicitur</strong></span> <span class='ocrx_word' id='word_1_787' title='bbox 1599 5358 1625 5412; x_wconf 94' lang='lat' dir='ltr'><strong>id</strong></span> <span class='ocrx_word' id='word_1_788' title='bbox 1643 5356 1713 5426; x_wconf 78' lang='lat' dir='ltr'><strong>qttrtd</strong></span> <span class='ocrx_word' id='word_1_789' title='bbox 1733 5357 1793 5425; x_wconf 81' lang='lat' dir='ltr'><strong>juro</strong></span> <span class='ocrx_word' id='word_1_790' title='bbox 1807 5367 1859 5406; x_wconf 88' lang='lat' dir='ltr'><strong>unu</strong></span> 
     </span>
    </p>
   </div>
   <div class='ocr_carea' id='block_1_26' title="bbox 1074 5460 1805 5606">
    <p class='ocr_par' dir='ltr' id='par_1_37' title="bbox 1074 5460 1805 5606">
     <span class='ocr_line' id='line_1_116' title="bbox 1074 5460 1330 5516; baseline -0.023 0"><span class='ocrx_word' id='word_1_791' title='bbox 1074 5472 1187 5516; x_wconf 83' lang='lat' dir='ltr'><strong>vetatur.</strong></span> <span class='ocrx_word' id='word_1_792' title='bbox 1205 5460 1330 5514; x_wconf 80' lang='lat' dir='ltr'><strong>Persius:</strong></span> 
     </span>
     <span class='ocr_line' id='line_1_117' title="bbox 1134 5532 1805 5606; baseline -0.027 -7"><span class='ocrx_word' id='word_1_793' title='bbox 1134 5551 1182 5599; x_wconf 73' lang='lat' dir='ltr'><strong>Cur</strong></span> <span class='ocrx_word' id='word_1_794' title='bbox 1193 5549 1248 5598; x_wconf 87' lang='lat' dir='ltr'><strong>milti</strong></span> <span class='ocrx_word' id='word_1_795' title='bbox 1264 5560 1310 5596; x_wconf 89' lang='lat' dir='ltr'><strong>nnn</strong></span> <span class='ocrx_word' id='word_1_796' title='bbox 1323 5547 1401 5605; x_wconf 87' lang='lat' dir='ltr'><strong>liceat,</strong></span> <span class='ocrx_word' id='word_1_797' title='bbox 1413 5546 1481 5606; x_wconf 82' lang='lat' dir='ltr'><strong>jussit</strong></span> <span class='ocrx_word' id='word_1_798' title='bbox 1496 5541 1658 5604; x_wconf 78' lang='lat' dir='ltr'><strong>uttodctmtpte</strong></span> <span class='ocrx_word' id='word_1_799' title='bbox 1673 5532 1805 5584; x_wconf 73' lang='lat' dir='ltr'><strong>totmtast</strong></span> 
     </span>
    </p>
   </div>
   <div class='ocr_carea' id='block_1_27' title="bbox 1075 5636 1808 5727">
    <p class='ocr_par' dir='ltr' id='par_1_38' title="bbox 1075 5636 1808 5727">
     <span class='ocr_line' id='line_1_118' title="bbox 1075 5636 1808 5727; baseline -0.034 -14"><span class='ocrx_word' id='word_1_800' title='bbox 1075 5657 1208 5727; x_wconf 72' lang='lat' dir='ltr'><strong>decipitur</strong></span> <span class='ocrx_word' id='word_1_801' title='bbox 1223 5651 1305 5706; x_wconf 87' lang='lat' dir='ltr'><strong>ctiattt</strong></span> <span class='ocrx_word' id='word_1_802' title='bbox 1319 5667 1366 5720; x_wconf 87' lang='lat' dir='ltr'><strong>pto</strong></span> <span class='ocrx_word' id='word_1_803' title='bbox 1381 5646 1578 5719; x_wconf 73' lang='lat' dir='ltr'><strong>pusse.&#39;l¹1rgil.</strong></span> <span class='ocrx_word' id='word_1_804' title='bbox 1597 5644 1621 5694; x_wconf 92' lang='lat' dir='ltr'><strong>in</strong></span> <span class='ocrx_word' id='word_1_805' title='bbox 1639 5657 1662 5695; x_wconf 84' lang='lat' dir='ltr'><strong>ru</strong></span> <span class='ocrx_word' id='word_1_806' title='bbox 1678 5636 1808 5700; x_wconf 78' lang='lat' dir='ltr'><strong>AEtreitl.;</strong></span> 
     </span>
    </p>
   </div>
   <div class='ocr_carea' id='block_1_28' title="bbox 0 0 1958 6180">
    <p class='ocr_par' dir='ltr' id='par_1_39' title="bbox 0 0 1958 6180">
     <span class='ocr_line' id='line_1_119' title="bbox 0 0 1958 6180; baseline 0 0"><span class='ocrx_word' id='word_1_807' title='bbox 0 0 1958 6180; x_wconf 95' lang='lat' dir='ltr'><strong> </strong></span> 
     </span>
    </p>
   </div>
  </div>
 </body>
</html>
