3906 6180
164 244 211 301 ulit
606 297 608 302 ,
728 244 914 301 tttttttttzttll
934 245 1188 302 coltttdrttdtttn.
1654 299 1663 310 ,
1736 247 1788 303 969
1867 199 1881 222 ·

199 361 381 432 inridentibus]
399 362 501 415 insideo
516 360 587 415 sellae
601 370 624 413 ct
647 361 739 414 scitam
763 360 887 422 dicimus,
903 360 948 415 scd
963 363 1093 420 Asnnrus
1107 361 1253 427 sapientes,
1267 358 1336 427 qnod
1352 366 1472 413 naturam
1485 360 1611 427 optimam
1622 358 1715 412 ducum
1730 370 1788 414 tan·

163 454 213 505 hoc
227 453 323 504 rurins.
976 453 978 456 ’
1002 465 1080 516 qnam
1106 452 1186 502 iteum
1209 449 1356 517 sequimur,
1370 450 1449 518 cique
1473 462 1637 517 paremus,a
1659 464 1710 517 qna
1732 465 1786 505 noir

196 539 285 607 ilepiee
299 537 394 607 landis]
410 537 506 590 Laudis
517 537 673 590 Tbcodnrici
689 537 768 605 regis.
1002 536 1146 590 rerisnnite
1160 546 1215 601 est,
1230 552 1290 591 cum
1306 546 1410 591 caeterae
1424 547 1514 604 partes
1534 538 1620 589 aetatis
1643 537 1711 591 bene
1724 536 1786 592 dee-

195 628 229 683 in
242 628 320 700 circo]
334 630 425 683 Circus
448 628 538 681 [lorrrnc
563 628 636 681 locus
652 627 701 680 init
722 625 864 680 a'dmodum
888 639 949 693 spa·
1000 627 1167 694 criptarum,
1181 637 1329 682 extremum
1341 633 1427 681 actum
1439 637 1562 695 tanquam
1575 627 1609 680 ab
1620 630 1697 681 irrarti
1708 621 1786 697 pocla

162 723 255 784 tiosos,
270 731 300 774 et
312 720 396 773 turbe
416 734 515 786 capiar,
531 718 682 786 spectandis
701 718 770 773 ludis
786 717 905 776 idoneus',
922 718 947 769 in
999 729 1058 768 esse
1078 715 1239 784 neglectum.
1258 717 1331 784 'idem
1356 719 1382 769 in
1406 717 1500 771 eodem
1514 735 1521 770 a
1537 717 1601 783 Qtrae
1623 728 1687 772 sunt
1706 704 1787 788 igitu'r

163 828 216 880 quo
228 821 255 865 ct
269 824 378 864 munera
391 810 461 877 (quae
478 808 586 862 missilia
599 806 766 876 dicebantur)
783 798 962 860 ababtibus
1000 805 1146 872 uoluptates
1161 820 1301 873 corporum
1316 821 1376 872 cum
1392 805 1558 861 auctoritatis
1577 807 1693 875 premiis
1707 822 1785 863 com·

161 902 348 958 consulibusre
363 899 388 952 in
406 899 548 966 populum,
563 898 667 965 adeius
689 897 804 952 lavarem
820 896 869 951 sibi
893 910 948 961 naar
1000 895 1122 961 paranda
1138 894 1233 962 quibos
1248 895 1293 964 qui
1315 894 1453 963 splendide
1471 900 1511 949 usi
1530 906 1606 961 sunt,
1625 896 1643 951 ii
1664 896 1729 951 milti
1744 897 1786 952 ri·

161 996 202 1063 gis
215 988 422 1054 conciliandum,
437 986 640 1055 spargebantur.

197 1076 324 1148 buerant]
340 1077 466 1131 Filiorum
481 1086 595 1129 tuorum.

195 1165 311 1236 Medius]
334 1166 434 1219 hiedins
453 1165 585 1234 quondam
608 1165 682 1217 locus
709 1161 758 1215 init
783 1163 945 1226 honoratus,

158 1261 289 1329 bodrequc
311 1259 379 1324 apnd
403 1257 544 1310 nonnullos
564 1265 614 1310 est.
630 1256 705 1311 Unde
722 1255 834 1314 Ovidius
847 1257 882 1311 de
902 1270 945 1310 se·

157 1351 243 1413 nieme,
259 1347 398 1401 Fastorum
419 1346 465 1398 lib.
480 1346 592 1412 quinto:

219 1436 249 1485 ill
261 1436 357 1484 medius
364 1435 490 1495 juvenum,
505 1447 552 1482 non
565 1433 745 1493 indignantibus
757 1435 824 1497 ipsit,

249 1496 302 1544 ibat
314 1505 339 1544 et
351 1498 467 1555 anterior,
481 1498 501 1543 ri
513 1507 596 1544 comes
607 1509 671 1544 unus
683 1503 744 1551 erat.

157 1580 251 1634 Exstat
263 1579 332 1649 apud
345 1580 515 1649 Spanianum
531 1581 604 1634 locus
620 1579 745 1634 iiadriani
768 1579 864 1649 dignus
885 1596 944 1636 me·

157 1682 276 1734 urorum,
288 1670 332 1737 qui
347 1685 408 1723 cum
422 1683 528 1723 seruum
545 1684 622 1723 suum
639 1669 707 1722 inter
721 1668 788 1722 duos
803 1681 943 1724 senatores

157 1763 273 1816 medinm
288 1761 424 1816 ambulare
440 1760 568 1828 vidisset,
594 1760 683 1826 misit,
698 1760 743 1829 qui
759 1760 782 1813 ci
803 1762 943 1830 colaphum

158 1853 246 1915 daret,
261 1867 285 1906 et
300 1852 419 1906 diceret:
436 1851 494 1905 Noli
515 1851 585 1905 inter
600 1865 646 1905 eos
661 1850 809 1916 ambulare,
830 1868 943 1920 quorum

157 1954 218 1995 esse
229 1941 314 1995 adbuc
328 1949 403 2007 potes
416 1953 518 1993 servus.
763 1927 764 1931 ἵ

107 2067 114 2077 .
152 2081 156 2089 ,
192 2029 354 2099 Triumphedi
366 2027 513 2100 largitione]
535 2029 674 2100 Magnifica
695 2031 868 2085 etconsuiari
886 2049 944 2087 mn-

158 2131 250 2173 nerum
266 2118 418 2172 donatione.

197 2207 294 2261 Dedisti
317 2208 390 2259 aen-bn
413 2204 533 2276 [ortana]
558 2206 701 2261 Fortunam
727 2207 829 2263 blandis
855 2209 944 2264 verbis

158 2296 380 2362 deceptatione
402 2297 482 2351 rerba
504 2296 545 2365 (ut
560 2297 639 2365 vulgo
660 2297 840 2369 notissimum)
859 2301 939 2368 signi·

157 2385 217 2437 licat
239 2383 371 2451 decipere,
394 2381 474 2452 idque
492 2383 580 2437 rorbis
599 2395 627 2438 et
651 2387 787 2454 promissis
807 2388 940 2442 inanibus.

157 2472 299 2527 Martialis:
657 2489 661 2497 “

215 2563 257 2612 Cui
271 2565 329 2612 nibil
343 2565 394 2626 ipse
404 2563 488 2626 dabas,
503 2566 523 2613 is
533 2566 574 2614 tibi
588 2567 661 2615 rena
672 2566 749 2616 dedit.
888 2605 889 2608 ,

192 2643 226 2698 lit
240 2662 298 2698 euos
313 2645 426 2714 deliciari
450 2646 564 2700 Delicias
586 2648 700 2714 alicujus
714 2649 839 2716 dicimus,
852 2653 895 2721 qni
916 2651 941 2706 ei

156 2733 182 2787 in
195 2734 296 2789 deliciis
308 2742 358 2788 est.
372 2733 444 2788 iiaro
457 2736 483 2789 in
499 2735 649 2790 bucolicis:

218 2841 360 2891 Formosum
372 2849 453 2904 pastor
465 2844 573 2906 Corydon
583 2845 684 2896 ardebat
696 2845 784 2895 diesin

216 2902 430 2952 Deliciasiiomioi.

191 3003 436 3076 retentatoribus
448 3004 547 3060 dicitur
557 3009 579 3060 is
591 3007 635 3078 qui
650 3008 755 3076 publico
769 3024 880 3065 munere
894 3021 940 3066 aut

157 3095 302 3163 principun
317 3110 368 3148 non
382 3095 509 3164 iungitur.
587 3155 592 3162 ¹

188 3181 320 3237 Colentum
344 3182 449 3254 ponere]
473 3185 611 3240 {lationem
637 3188 715 3243 inire.
739 3190 804 3244 Nam
828 3192 939 3247 calculis

155 3273 211 3327 beri
234 3275 301 3328 solet
322 3277 495 3344 supputatio:
512 3276 583 3330 urrde
604 3277 716 3331 Martiali
742 3281 828 3335 dictus
848 3281 938 3336 calcu-

155 3364 233 3419 lator.

191 3458 287 3511 tinniet
301 3457 386 3529 oculo]
402 3459 545 3525 Hactenus,
560 3461 659 3529 inquit,
675 3462 722 3516 tibi
737 3463 802 3517 iavit
818 3464 937 3530 Fortuna,

154 3565 222 3605 nunc
245 3553 358 3621 prmum
382 3554 463 3615 coepit
483 3553 720 3621 adversandum
735 3565 823 3610 auten.
845 3558 883 3611 ait
905 3558 937 3612 ti-

154 3643 224 3694 venti
246 3642 336 3706 oculo,
363 3643 467 3697 uidetur
482 3643 599 3698 alludere
618 3643 652 3699 ad
673 3645 798 3700 mulieres
818 3647 877 3700 risu
899 3647 939 3701 ia·

153 3734 376 3806 minantesque
397 3737 550 3791 interimant
571 3752 638 3807 quos
661 3737 761 3793 diutins
776 3739 937 3810 intueantur,

153 3825 235 3879 iratus
252 3828 382 3894 precipue
395 3829 491 3893 oculis,
506 3828 576 3898 quod
590 3842 681 3882 earnm
697 3830 795 3884 malum
810 3833 937 3887 teneriori

153 3915 223 3967 aetati
240 3917 323 3984 magis
339 3926 425 3971 nocet.
445 3917 561 3972 Fortuna
575 3917 665 3988 igitur,
681 3919 782 3989 inquit,
798 3937 856 3990 quar
874 3923 939 3978 buc-

153 4020 236 4074 usque
250 4008 487 4077 indulgentissima·
507 4009 600 4063 matris
614 4024 689 4064 more
710 4017 736 4064 te
749 4026 810 4065 suas
826 4012 936 4067 delicias

153 4094 231 4161 lorit,
247 4114 315 4153 nunc
335 4110 360 4153 tc
382 4101 494 4169 primum
510 4101 649 4156 fascinavit
661 4116 735 4173 more
751 4092 882 4159 anteana
895 4105 936 4159 rel

154 4187 263 4260 illyricae
277 4180 448 4247 mulierculae.

189 4278 352 4352 Perstrinxit]
366 4282 459 4347 Lusit,
475 4281 609 4352 corrupit,
625 4284 736 4338 ritiamt.

190 4369 296 4442 Linenri]
313 4372 418 4445 Minime
431 4372 553 4435 candido,
572 4375 706 4443 pestilera,
723 4385 751 4429 et
772 4375 869 4430 lividos
888 4390 937 4430 ra·

154 4475 231 4529 pares
244 4463 384 4517 emittenti.

188 4548 221 4604 ln
235 4551 301 4604 itane
319 4553 376 4605 nitoe
387 4551 498 4623 acerram]
514 4553 633 4623 Eleganti
653 4552 807 4622 metaphora
827 4571 935 4610 scenam

153 4640 213 4693 vitas
226 4639 304 4704 dixit,
319 4655 378 4694 cnm
394 4641 451 4695 baec
464 4642 499 4697 sit
512 4641 607 4696 iabulae
621 4641 690 4695 simii
707 4644 770 4707 ima,
788 4659 848 4711 quae
868 4646 939 4700 solet

153 4731 180 4784 in
201 4745 282 4785 scena
297 4731 330 4784 ab
353 4733 526 4787 histrionibus
545 4734 598 4800 agi.
622 4734 723 4787 Serreca
748 4733 860 4800 epistola
884 4736 936 4788 ii:

152 4820 291 4887 eromodo
306 4821 406 4890 labinia,
421 4823 459 4875 sic
476 4823 538 4876 uita.
555 4822 611 4876 Non
626 4837 707 4892 quarn
720 4820 780 4888 din,
796 4821 842 4876 sed
858 4837 937 4892 quam

154 4911 220 4965 bene
239 4921 296 4965 acta
310 4913 344 4965 sit
358 4913 450 4968 refert.
466 4912 547 4968 diaria
563 4914 631 4982 apud
647 4915 786 4980 Erasmum
803 4914 829 4967 in
853 4915 939 4969 Enco-

152 5002 226 5056 mio:
244 5002 327 5057 Porro
350 5004 499 5057 rnrntalium
522 5005 573 5058 rita
598 5004 684 5057 ominis
708 5002 771 5070 quid
796 5003 870 5056 alind
897 5012 939 5057 est

152 5103 231 5156 quam
247 5089 333 5142 inituln
349 5091 497 5157 inueniam,
518 5093 544 5144 in
561 5104 611 5159 qua
625 5089 671 5158 alii
690 5089 751 5143 aliis
765 5091 862 5145 obtecti
878 5107 938 5160 per·

152 5181 223 5234 sonis
243 5181 406 5249 procedunt,
420 5191 554 5252 aguntque
575 5196 637 5236 suas
648 5181 760 5250 quisque
775 5191 876 5252 partes,
891 5183 941 5238 do·

152 5283 202 5323 uec
224 5269 357 5339 choragus
372 5269 499 5326 educate
522 5273 672 5340 proscenio,
694 5270 740 5342 qui
755 5287 826 5342 soepe
851 5280 938 5328 tantm

152 5362 274 5416 eumdem
291 5363 397 5417 diverso
417 5363 489 5419 cultu
515 5363 622 5430 prodire
640 5364 729 5433 jubet,
744 5373 774 5416 ut
794 5365 839 5434 qni
859 5364 938 5419 modo

152 5462 240 5516 regom
256 5459 427 5518 purpuratum
442 5461 544 5519 egerat,
558 5467 627 5506 nnnc
640 5452 776 5506 serrulam
790 5465 938 5516 prarmosum

152 5546 234 5602 gerat.
255 5537 416 5591 ddurnbruta
440 5537 545 5606 qnidcm
571 5541 675 5606 omnia,
696 5539 742 5593 scd
768 5537 825 5591 inec
850 5539 937 5592 iabnla

104 5651 106 5654 <
153 5637 203 5677 non
219 5626 297 5680 alitcr
319 5628 415 5695 agitur.
430 5627 523 5681 Cicero
539 5627 564 5681 in
587 5628 686 5683 Catone
709 5626 802 5702 ilaiori
815 5643 821 5677 τ
833 5625 870 5707 lo
888 5627 938 5681 boc

998 982 1094 1035 dentur
1117 982 1229 1036 labuiarn
1244 983 1331 1036 artatis
1355 985 1500 1051 peregisse,
1525 998 1575 1039 nec
1594 993 1720 1053 tanquam
1742 984 1784 1040 in-

998 1074 1136 1127 exercitati
1153 1073 1295 1127 histriones
1310 1076 1334 1126 in
1349 1085 1469 1126 extremo
1482 1084 1542 1127 actu
1557 1076 1701 1130 correrisse.
1718 1075 1785 1128 ltue-

997 1175 1043 1214 sus
1064 1162 1089 1213 in
1119 1161 1238 1214 eodem:
1273 1160 1365 1227 Neque
1389 1159 1460 1213 enim
1484 1160 1606 1215 histrioni
1626 1171 1655 1215 ut
1682 1162 1785 1230 placeat

998 1252 1146 1320 peragenda
1157 1258 1199 1305 est
1211 1249 1296 1304 fabula
1307 1249 1486 1304 solummodo.
1497 1249 1524 1303 in
1536 1253 1695 1318 quocunque
1705 1249 1786 1303 luerit

997 1349 1072 1404 actu,
1096 1340 1235 1408 probetur.
1260 1338 1314 1392 h'ec
1330 1337 1441 1406 sapienti
1454 1351 1537 1405 usqne
1559 1337 1592 1390 ad
1612 1335 1728 1406 plaudite
1747 1336 1785 1404 ri·

996 1429 1121 1483 dendnm.
1139 1430 1203 1483 item
1218 1427 1267 1483 sub
1283 1427 1362 1480 linem
1377 1425 1497 1493 ejusdem
1519 1424 1615 1493 dialogi
1628 1424 1784 1479 asenectns

996 1529 1083 1573 antem
1109 1520 1229 1588 peractio
1252 1508 1404 1572 aetatis‘et
1429 1528 1552 1586 tanquam
1576 1515 1685 1582 iabuiae,
1707 1513 1784 1584 cujus

996 1609 1212 1678 defatigationem
1227 1609 1320 1678 ingere
1334 1607 1474 1671 debemus,
1492 1604 1639 1675 presertim
1659 1605 1783 1674 adiuncta

996 1696 1128 1749 satietate.

1032 1780 1146 1852 Subitns]
1163 1782 1337 1848 llepcnnnus.

1032 1870 1142 1942 Hospes}
1158 1871 1327 1939 Peregrinus.

1032 1960 1150 2015 Ullanrne
1165 1960 1282 2013 humanis
1296 1958 1380 2030 relus]
1396 1962 1603 2027 argumentatur
1617 1960 1651 2014 ab
1665 1974 1698 2015 co
1710 1961 1782 2029 quud

993 2061 1035 2106 est
1058 2051 1151 2120 magis.
1177 2049 1261 2104 iiorno
1286 2052 1342 2117 ipsa
1363 2050 1562 2115 corruptionem
1586 2047 1704 2117 elingere
1721 2064 1778 2125 non

995 2151 1094 2209 potest,
1105 2156 1165 2195 curn
1178 2155 1250 2209 saepe
1264 2139 1402 2208 repentina
1416 2149 1502 2207 morte
1512 2139 1684 2194 dissoluatur.
1700 2141 1782 2209 linita

994 2233 1072 2300 igitur
1087 2235 1174 2284 minus
1189 2232 1269 2286 rebus
1284 2231 1407 2285 humanis
1428 2231 1497 2286 inest
1510 2232 1672 2286 constantia.
1687 2232 1779 2287 iiorat.
1873 2242 1875 2246 ‘

994 2323 1019 2374 in
1035 2325 1097 2375 ‹lrte
1110 2324 1213 2390 poetica
1229 2338 1236 2374 ι

1055 2433 1179 2482 behemnr
1190 2436 1261 2484 morti
1276 2447 1320 2482 nos
1332 2441 1474 2507 nostraque.

1032 2513 1112 2567 Feles
1135 2513 1209 2585 born]
1234 2514 1313 2568 Fetus
1338 2523 1380 2569 est
1406 2515 1468 2568 iilud
1491 2514 1618 2569 Varronis
1639 2514 1779 2584 adagium,

993 2602 1079 2656 llomo
1093 2603 1172 2657 bulla.
1188 2604 1319 2658 Faustus:

1069 2693 1170 2742 Subdita
1181 2695 1229 2743 sint
1240 2701 1310 2744 certo
1322 2694 1431 2743 mortalia
1443 2709 1542 2756 corpora
1554 2697 1611 2746 lato.
1695 2725 1696 2728 =

1099 2754 1239 2816 Cuttctnqne
1253 2757 1489 2817 precipititetnpora
1502 2760 1566 2805 iluna
1578 2766 1662 2806 ruunt.

1069 2813 1127 2862 'Fam
1139 2818 1208 2864 intruis
1218 2817 1275 2863 bum
1284 2830 1348 2863 unm
1360 2817 1435 2864 celeri
1448 2830 1527 2877 genus
1539 2819 1623 2873 interit
1635 2819 1703 2879 bora,

1103 2875 1209 2935 'l'urgrda
1220 2880 1290 2937 quam
1300 2877 1388 2936 quuviaa
1399 2877 1462 2925 bulla
1472 2878 1583 2938 liquescit
1593 2892 1671 2939 aqua.

992 2955 1058 3021 Quid
1074 2966 1114 3010 est
1129 2957 1226 3011 homo?
1248 2959 1332 3026 inquit
1355 2958 1468 3012 Seneca.
1489 2958 1633 3025 Quodlibet
1651 2970 1777 3029 quassum

954 3072 975 3132 C
993 3059 1048 3106 vas,
1064 3055 1090 3099 et
1104 3047 1241 3115 quodlibet
1252 3047 1345 3116 iragiie
1358 3049 1468 3116 jactata.
1480 3047 1549 3114 Quid
1563 3059 1605 3103 est
1620 3048 1717 3103 bomol
1731 3051 1779 3104 inr-

992 3130 1191 3187 becillissimnm
1207 3143 1304 3203 corpus
1324 3145 1350 3189 et
1370 3135 1472 3203 tingite,
1490 3137 1589 3191 nudum
1614 3146 1711 3206 suapte
1731 3153 1780 3192 na-

991 3233 1065 3288 tura,
1083 3225 1195 3291 inerme,
1208 3225 1303 3280 aliene
1324 3228 1383 3295 opis
1402 3227 1535 3297 indigens,
1549 3228 1581 3281 ad
1597 3243 1704 3284 ornnem
1725 3230 1780 3284 ior-

991 3325 1061 3368 tnnm
1076 3317 1262 3371 contumeliam
1278 3319 1440 3386 projectum,
1458 3318 1561 3384 trigoris
1575 3329 1617 3374 est
1636 3330 1665 3373 et
1676 3321 1778 3375 laboris

991 3405 1140 3474 inspeciem,
1154 3407 1187 3461 er
1202 3408 1315 3462 infirmit
1328 3408 1468 3478 duidisque
1479 3410 1728 3466 contextum.0dor
1741 3411 1780 3466 itt
1867 3452 1870 3458 .

990 3511 1134 3564 saporque,
1156 3506 1184 3551 et
1204 3498 1343 3564 lassitudo,
1358 3507 1386 3553 et
1405 3498 1505 3568 vigilia,
1523 3500 1631 3565 immor,
1645 3510 1672 3554 et
1691 3500 1778 3565 ebus,

990 3591 1048 3643 sinc
1060 3590 1157 3656 quibus
1173 3591 1264 3646 rivere
1278 3606 1331 3645 non
1347 3600 1450 3661 potest,
1467 3591 1607 3648 mortifera
1623 3603 1692 3648 sunt.
1707 3594 1780 3661 Quo·

990 3692 1095 3747 cunque
1109 3695 1138 3735 se
1159 3693 1263 3744 irroret,
1283 3672 1445 3738 intonantis
1466 3699 1522 3738 suaa
1544 3687 1634 3739 statim
1655 3687 1779 3754 conracius

989 3770 1152 3823 tenuissimis
1167 3772 1255 3824 causis
1275 3780 1355 3839 atique
1375 3771 1567 3827 offensionibus
1590 3773 1727 3828 morbidus
1747 3789 1778 3829 ac

989 3858 1085 3926 putris.
1106 3858 1201 3913 hierita
1224 3860 1314 3929 itaque
1333 3859 1430 3914 cecinit
1449 3861 1662 3929 sapientissimus
1685 3871 1777 3930 poeta-
1873 3904 1879 3917 .

990 3964 1048 4000 rem
1063 3963 1070 4000 ε
1428 3971 1432 3975 ·

1052 4056 1112 4106 Tale
1124 4058 1221 4119 quidem
1234 4072 1313 4135 genus
1324 4065 1362 4108 est
1373 4061 1509 4123 hominum,
1521 4061 1595 4123 quale
1607 4068 1645 4111 est
1654 4057 1774 4112 loliorum.

1025 4157 1164 4232 Fortuitia]
1187 4160 1267 4215 lionis
1287 4161 1410 4218 sortunae.
1425 4164 1545 4219 Falerios
1567 4165 1696 4220 biarirnus
1712 4166 1780 4221 libro

989 4251 1214 4319 acrimoniam
1242 4253 1352 4307 nimium
1390 4262 1422 4308 et
1445 4256 1547 4324 Fragilia
1582 4252 1778 4325 puerilibusque

989 4341 1296 4410 consentanea'creptdts
1311 4352 1374 4396 sunt
1387 4343 1451 4408 ista,
1464 4359 1523 4412 quaa
1539 4345 1608 4398 vires
1622 4354 1700 4412 aterne
1713 4361 1778 4414 optes

922 4507 924 4512 Α
952 4426 1113 4495 Dbumanae
1122 4443 1261 4498 vocantur.
1278 4431 1397 4485 hilinum
1410 4435 1507 4497 subito,
1525 4442 1635 4500 repente
1655 4434 1778 4489 dilabun-

991 4526 1043 4584 tur,
1059 4520 1132 4574 nullo
1146 4520 1172 4573 io
1196 4521 1266 4584 loco,
1283 4522 1352 4574 rrniin
1375 4522 1402 4576 in
1418 4537 1530 4590 persona
1551 4522 1691 4575 stabilibus
1714 4525 1777 4577 nisa

989 4610 1124 4664 radicibus
1137 4611 1300 4673 consistunt,
1315 4612 1361 4665 sed
1378 4612 1557 4667 incertissimo
1578 4614 1640 4664 datu
1657 4612 1778 4666 tortuose

991 4701 1043 4754 buc
1063 4707 1141 4767 atque
1155 4701 1217 4755 illuc
1238 4713 1312 4766 acta,
1328 4718 1395 4771 quos
1416 4703 1473 4756 subl
1486 4717 1529 4756 nne
1542 4703 1713 4763 extuderunt,
1728 4706 1777 4755 inr-

992 4788 1096 4851 proviso
1108 4781 1217 4842 recursu
1230 4790 1374 4845 destitutos
1389 4791 1415 4844 in
1429 4789 1559 4857 prolundo
1573 4790 1688 4844 cladium
1702 4793 1779 4846 rnise-

982 4879 1108 4947 ,rabiiitrr
1122 4880 1291 4951 immergunt.
1304 4881 1492 4950 itaqueocque
1506 4882 1604 4938 debent
1619 4883 1777 4947 existimari,

991 4968 1138 5039 nequcdici
1155 4969 1238 5032 bona,
1254 4988 1314 5040 qnae
1329 4972 1490 5027 indictorum
1507 4975 1637 5028 malornm
1652 4978 1778 5028 amaritu-

988 5061 1077 5115 dinem
1091 5061 1226 5116 dcsiderio
1239 5063 1279 5117 sui
1292 5062 1439 5132 duplicant.
1821 5050 1824 5055 ¹

1028 5151 1138 5217 Ultimus
1158 5160 1242 5204 tumen
1255 5153 1312 5205 aiter
1327 5152 1382 5207 dier
1400 5169 1467 5207 mart
1479 5156 1596 5221 quodam
1618 5155 1729 5224 fratremn
1743 5166 1779 5208 ert

988 5245 1064 5293 etiamr
1077 5239 1212 5310 nannentir]
1225 5235 1269 5295 Sic
1284 5255 1396 5311 prosper
1408 5243 1434 5296 in
1447 5242 1664 5312 epigrammatis:

1065 5333 1184 5382 Terrenis
1195 5335 1281 5396 opibus
1291 5347 1345 5382 cum
1357 5335 1426 5384 diues
1434 5337 1527 5399 gaudet
1539 5338 1646 5397 iniquus,

1103 5395 1172 5443 l'eris
1183 5407 1210 5442 se
1223 5397 1339 5443 miserum
1353 5399 1429 5445 nescit
1441 5410 1518 5458 egere
1530 5398 1606 5446 bonis.

1070 5454 1202 5515 Numquid
1213 5459 1258 5504 erit
1268 5460 1332 5518 equiori
1345 5471 1390 5505 non
1402 5466 1524 5505 momento
1537 5459 1653 5518 ternnporie
1662 5470 1710 5507 uno

1100 5515 1210 5564 Perdere
1223 5520 1341 5564 mundana
1352 5519 1490 5565 cortditione
1502 5526 1588 5578 equetii,

1069 5575 1126 5623 snm
1140 5576 1206 5634 tirel,
1216 5578 1325 5627 adrensis
1336 5579 1494 5634 cessantibus,
1508 5581 1587 5630 omnia
1601 5587 1710 5640 pareant,

1103 5637 1170 5697 Lege
1181 5644 1260 5692 tannen
1272 5640 1357 5686 mortis
1364 5639 1395 5687 sit
1405 5638 1528 5688 iaciendas
1538 5638 1626 5701 inops?
