3906 6180
79 338 130 397 stt
354 332 390 392 IN
409 335 531 395 tichos
551 335 596 392 BE
622 334 884 394 consonatione
903 328 1141 391 enitosoihtffi
1160 326 1430 387 uttotecuttttttt.
1660 326 1712 382 558
1755 360 1760 371 -

77 452 198 509 carmine
219 458 282 506 tunc
297 465 349 505 nou
363 460 463 515 utatur,
489 451 598 505 Boetius
610 459 752 519 utramque
770 450 870 505 arratio-
886 451 913 511 Α
1307 442 1327 498 tl

77 558 138 600 uem
153 543 190 597 ita
206 539 358 610 permiscet,
385 550 414 596 ut
439 540 568 611 quidquid
592 541 761 607 eruditionis,
786 551 832 596 aut
856 556 871 597 a
958 538 1045 604 htnue
1061 543 1170 604 propter
1185 532 1234 604 has
1248 532 1392 603 praeclaras
1406 532 1489 588 animi
1508 536 1584 587 dotes
1599 531 1713 593 lactum,

76 633 260 706 grammatica,
280 639 354 685 aula
374 631 507 686 rhetorica
522 633 672 702 exspectari
696 641 793 700 potest,
808 632 871 686 illud
922 638 952 684 ut
973 629 1069 684 Festus
1088 627 1124 698 ij)
1138 635 1248 682 senatus
1271 625 1394 695 princeps
1418 624 1499 678 lilium
1515 638 1590 678 suam
1614 622 1715 692 llelpen

77 726 176 783 ihidem
190 724 287 780 mirum
305 724 333 777 in
347 722 457 778 matium
480 724 595 778 eluceat.
620 725 707 778 Testis
728 724 773 778 illa
788 724 873 781 Boetii
922 720 1021 778 Siciliae
1045 720 1181 774 alumnam
1202 719 1295 774 Boetia
1310 718 1443 788 propriam
1457 716 1596 782 dicaverit,
1612 715 1717 771 stahili·

76 819 186 891 tngiea,
201 817 247 872 uhi
257 825 354 887 practer
364 817 487 886 antiquas
502 816 652 888 Porphyrii,
669 816 872 886 aristotelisque
922 830 976 885 que
993 813 1113 882 iunxerit
1137 811 1282 867 connuhio.
1311 809 1351 864 Ba
1376 820 1461 864 antem
1487 809 1598 879 llelpes,
1629 807 1720 876 inquit

77 910 231 980 opiniones
250 923 326 962 suam
348 909 405 976 ipse
424 907 565 977 proposuit
583 907 617 962 dc
633 905 784 978 Calagorris,
809 907 874 961 airri-
923 907 1045 964 anliuus
1056 905 1105 979 (lt),
1120 905 1220 960 dotibus
1234 905 1313 958 animi
1327 904 1401 974 longe
1426 903 1541 974 carparis
1557 903 1720 970 'lortuntegne

77 1003 159 1066 sione,
175 1001 324 1067 definitione
351 1008 379 1053 et
389 997 544 1069 syllogismis
563 999 724 1065 doctrinam,
736 1014 788 1069 qua
804 1000 873 1054 ratio
924 997 989 1051 hona
1003 997 1134 1063 superauit
1150 1010 1159 1047 :
1174 994 1276 1063 scripsit
1290 994 1356 1047 enim
1380 1007 1466 1046 uersus
1481 990 1718 1053 emendatissimos,

78 1093 146 1148 hene
156 1091 307 1147 disserendi
325 1091 469 1161 plurimum
483 1091 635 1159 promoueri
659 1100 758 1160 potest.
783 1094 873 1147 'lestis
924 1087 1093 1153 scribentique
1107 1084 1199 1138 marito
1212 1085 1379 1139 suavissimus
1399 1084 1491 1151 genius
1510 1081 1620 1134 adsedit.
1644 1079 1719 1132 Desi-

72 1200 146 1256 ¹opus
161 1182 225 1239 illud
241 1182 268 1238 ia
290 1191 393 1251 septem
409 1190 499 1252 partes
514 1181 700 1248 distrihutum,
722 1181 795 1250 quod
809 1196 872 1251 pro·
925 1179 1021 1232 derauit
1036 1186 1120 1231 autem
1142 1193 1173 1230 ra
1185 1192 1215 1230 ea
1230 1177 1346 1230 liceras:
1369 1189 1521 1245 quanquam
1545 1172 1666 1228 nonnulli
1680 1171 1721 1226 cti·

79 1286 183 1345 pterea,
200 1273 330 1329 Varronis
343 1274 480 1343 exemplo,
505 1272 682 1327 Hebdomades
705 1273 873 1342 inscribitur,
925 1277 997 1333 cant,
1013 1267 1135 1323 Boetium
1155 1281 1188 1322 cs
1204 1280 1235 1321 ea
1259 1267 1327 1320 aluos
1347 1264 1415 1320 stlios
1430 1263 1568 1318 l’atritium
1590 1270 1618 1316 et
1632 1259 1720 1332 liypa·

80 1367 183 1434 iuquo,
195 1364 283 1434 quoad
306 1374 442 1435 superest,
459 1364 710 1419 mathematicorum
726 1379 801 1419 more
814 1378 875 1433 pra·
925 1358 992 1413 tium
1012 1358 1171 1426 suscepisse.
1196 1355 1303 1411 Addunt
1323 1355 1445 1409 etrmdem
1468 1354 1589 1408 Baetium
1605 1361 1720 1407 amatam

80 1456 175 1526 positis
188 1454 350 1524 quibusdam
374 1455 480 1519 ellatis,
502 1456 587 1508 multa
601 1454 682 1509 docet
707 1455 741 1510 dc
755 1470 789 1510 eo
803 1453 874 1524 arrad

80 1549 175 1601 hanam
199 1553 250 1610 est,
276 1553 304 1599 et
328 1561 418 1598 narum.
443 1545 538 1600 'l'cttes
561 1543 622 1599 libri
637 1545 754 1615 quinque
768 1544 803 1600 de
819 1545 876 1599 hlu-

80 1639 145 1703 sica,
162 1637 239 1706 cujus
264 1638 300 1691 ita
315 1639 417 1705 peritus
443 1636 502 1701 luit,
514 1646 547 1692 ut
566 1636 740 1690 instrumenti
765 1636 873 1705 musici,

81 1730 160 1799 vulgo
175 1728 213 1799 (a)
229 1729 346 1781 eniterini
370 1727 492 1782 inventor
506 1727 645 1784 habeatur.
673 1727 762 1781 Testis
784 1727 875 1795 singu·

81 1819 137 1877 lare
162 1819 228 1873 illud
249 1819 286 1888 (il
309 1817 427 1873 externis
453 1818 534 1872 etiam
548 1818 654 1886 regibus
669 1824 760 1871 uotum
774 1815 915 1886 expeti-B

83 1923 193 1980 tumque
207 1910 343 1965 intertum
353 1910 465 1965 duorum
480 1910 697 1979 horologiorum
714 1925 827 1978 quorum
838 1909 877 1963 al·

84 2009 170 2057 tetum
187 2001 224 2073 (e)
236 2001 310 2071 aquis
323 2002 370 2054 salt
392 2001 496 2054 modula
521 2001 658 2069 finientibus
673 1998 878 2069 temperalatar;

83 2093 197 2147 alterum
217 2093 280 2146 solis
301 2093 417 2146 immensi
435 2093 618 2162 comprehensa
632 2090 825 2145 illuminatione
839 2089 879 2144 rti-

87 2183 276 2255 stinguehstur.

119 2273 189 2341 Quin
204 2275 284 2348 etiam
309 2272 417 2327 Boetius
432 2272 465 2326 de
481 2271 616 2342 theologis
631 2272 732 2342 optime
756 2271 877 2338 meritus,

86 2367 193 2436 scripsit
218 2381 278 2422 cum
301 2367 335 2420 de
358 2367 487 2434 mysterio
507 2365 683 2420 sanctissimae
702 2365 835 2420 Trinitatis
846 2365 880 2420 ad

86 2460 287 2533 Symmachum,
302 2470 329 2516 et
343 2461 376 2516 ad
389 2459 520 2515 loannem
541 2461 667 2515 Ecclesiae
679 2460 807 2516 Romnum
822 2461 881 2516 dia·

88 2567 202 2616 conum;
220 2561 274 2605 turn
298 2553 331 2606 tle
354 2550 546 2605 lrrcarnanane.
568 2552 604 2607 De
621 2550 660 2621 (d)
682 2550 806 2605 Trinitatis
820 2552 880 2621 tyni·

88 2641 159 2706 dem,
176 2656 210 2696 ne
225 2651 364 2708 suspectus
378 2641 446 2696 loret
457 2638 628 2704 Christianis,
639 2640 710 2710 quod
726 2655 760 2696 ex
774 2642 879 2713 synodo

89 2742 180 2788 contra
200 2733 341 2787 lraeretieos
354 2741 515 2802 congregata
536 2748 596 2788 sese
611 2732 795 2795 subduxisset,
817 2733 883 2788 teri·

90 2831 130 2876 tus
144 2838 178 2877 ne
190 2822 240 2876 sihi
254 2833 362 2891 propter
376 2838 451 2877 suam
467 2823 649 2892 eloquentiam
659 2839 739 2878 causa
756 2823 882 2879 commit·

91 2924 190 2970 teretur
205 2915 308 2984 agenda
323 2935 329 2969 :
347 2916 379 2971 de
395 2915 431 2986 (e)
448 2913 631 2971 lucornatione
644 2930 720 2987 veto,
736 2925 764 2970 ut
778 2917 882 2970 ertremi

92 3005 185 3071 sidiam
199 3005 322 3057 contrarii
336 3002 449 3058 Nectarii
472 3015 547 3075 alane
566 3003 689 3077 Eutychis
703 3005 882 3062 sahmoaeren-

93 3105 254 3150 tarerrarcs.

474 3189 516 3243 lt.

129 3279 183 3334 Seii
204 3289 305 3348 quanto
325 3278 375 3333 doc
388 3281 428 3334 ior
444 3279 561 3344 Boetius,
583 3288 657 3335 tanto
679 3279 774 3350 maiori
800 3280 889 3336 studio

95 3370 175 3425 colult
190 3378 328 3433 rtrttttent,
349 3384 399 3424 suo
421 3387 483 3441 erga
505 3374 588 3429 Beutn
609 3381 637 3427 et
659 3373 781 3428 homines
799 3373 889 3430 olhclo

926 1449 995 1505 hanc
1015 1464 1089 1504 suam
1105 1462 1218 1503 tutorem
1235 1446 1286 1500 hoe
1302 1445 1396 1500 ultimo
1413 1445 1533 1500 carmine
1551 1451 1721 1515 prosecutum

927 1540 1009 1596 luisse
1024 1558 1031 1594 :

1020 1628 1113 1688 llelpes
1123 1629 1186 1678 dicta
1199 1627 1241 1686 lui,
1253 1627 1342 1676 Sicula
1353 1629 1464 1695 regionis
1475 1626 1580 1684 alumna,

1050 1693 1126 1748 Quam
1139 1690 1223 1751 procul
1235 1702 1248 1737 a
1260 1691 1337 1748 patria
1350 1687 1459 1748 conjugis
1470 1690 1522 1745 egit
1532 1699 1599 1734 atrior
1611 1701 1617 1735 :

1019 1753 1072 1810 Quo
1083 1753 1137 1799 sine
1147 1758 1231 1799 tnoesta
1243 1749 1306 1807 aies,
1319 1762 1366 1797 nox
1380 1753 1461 1804 auxta,
1474 1748 1563 1797 ttetrilie
1574 1749 1642 1809 ltere,

1052 1813 1103 1861 h'ec
1111 1812 1189 1861 solum
1199 1823 1264 1865 erro.
1277 1811 1322 1860 sed
1334 1812 1433 1872 spiritus
1445 1822 1508 1858 unus
1518 1818 1581 1858 erat.

1021 1873 1073 1922 Lux
1084 1886 1138 1921 mea
1150 1885 1196 1920 nan
1208 1872 1288 1920 clausa
1300 1879 1346 1930 est,
1357 1873 1399 1919 tali
1411 1878 1556 1919 remanente
1569 1871 1663 1930 marito,

1053 1935 1189 1995 Maioriane
1201 1935 1287 1982 auimae
1299 1940 1369 1994 parte
1382 1940 1508 1992 superstes
1520 1944 1572 1979 ero.

1021 1996 1158 2044 Porticihus
1166 1996 1241 2043 sacris·
1250 1995 1298 2054 jam
1310 2007 1375 2042 nuuc
1387 1993 1520 2054 peregriua
1529 1992 1629 2053 quiesco

1053 2057 1145 2105 lutlicis
1156 2055 1242 2104 aeterni
1253 2054 1378 2103 testillcala
1392 2055 1514 2103 thronum.
1585 2064 1586 2067 ¹

1022 2117 1059 2166 lie
1069 2130 1116 2176 atta
1128 2128 1212 2165 manus
1224 2117 1319 2165 httstum
1332 2116 1415 2174 violet,
1427 2117 1474 2163 nist
1485 2114 1548 2164 l'orte
1557 2113 1646 2173 jurgatis

1054 2178 1113 2227 Haec
1125 2179 1305 2237 iterumcupiat
1313 2178 1420 2237 iungere
1430 2175 1540 2225 utemhra
1550 2180 1615 2234 suis,

1024 2239 1055 2290 Ut
1069 2239 1164 2287 thalami
1173 2237 1309 2299 tumulique
1319 2249 1403 2287 comes
1413 2249 1459 2285 nec
1470 2243 1549 2285 nrtute
1561 2234 1690 2297 rerellnr,¹

1056 2301 1175 2349 Eteonos
1187 2301 1242 2348 ritae
1253 2306 1336 2347 nectat
1348 2306 1454 2360 uterque
1465 2299 1537 2346 cinis.

931 2383 984 2440 Sci
1000 2384 1058 2437 haec
1069 2392 1206 2436 venustam
1223 2380 1308 2436 Boetii
1324 2382 1426 2450 poesim
1442 2396 1495 2434 trun
1510 2379 1655 2435 redolent:
1675 2378 1726 2434 sal·

934 2484 987 2528 tent
1004 2473 1147 2527 martimum
1167 2481 1280 2536 tractem.

967 2565 1080 2632 Propter
1090 2563 1183 2619 eadem
1199 2561 1329 2616 doctrinm
1341 2561 1500 2630 virtutisque
1515 2570 1673 2617 ornamenta
1693 2557 1727 2631 (1)

934 2653 1121 2725 Symmachus,
1137 2654 1262 2722 princeps
1273 2667 1378 2721 quoque
1389 2662 1509 2717 senatus,
1526 2651 1652 2707 defuncta
1665 2651 1729 2707 ilel-
1772 2688 1783 2700 ·

933 2761 985 2815 pe,
1006 2743 1188 2799 llusticianam
1213 2743 1295 2797 filiam
1323 2757 1398 2797 suant
1425 2743 1512 2797 eidem
1538 2743 1631 2799 Boetia
1655 2743 1730 2802 dedit

934 2849 1056 2899 uxorem,
1073 2849 1106 2889 cx
1117 2849 1181 2903 quta,
1192 2833 1263 2888 inter
1275 2831 1343 2887 alios
1357 2833 1467 2897 liheras,
1480 2832 1549 2888 duos
1567 2835 1687 2904 suscepit
1698 2835 1730 2888 ll·

934 2927 995 2988 lios,
1016 2940 1130 2996 quorum
1152 2926 1221 2979 alter
1238 2924 1310 2978 atito
1325 2926 1433 2978 nomine
1452 2923 1640 2995 Symmachus,
1661 2925 1730 2981 alter

936 3029 1048 3086 paterno
1058 3015 1166 3070 Boetius
1179 3014 1268 3070 dictus
1281 3013 1349 3079 luit;
1365 3013 1464 3083 quique
1477 3013 1565 3068 adltuc
1584 3014 1660 3084 pueri
1680 3013 1728 3087 (m)

937 3107 1061 3164 consules
1076 3106 1138 3161 lacti
1157 3115 1240 3160 suut:
1260 3105 1321 3160 ideo
1343 3105 1414 3159 enim
1438 3105 1467 3158 hi
1487 3104 1535 3159 lilii
1556 3119 1572 3158 a
1591 3119 1641 3159 suo
1654 3115 1730 3175 patra

899 3175 924 3238 c
939 3199 1064 3255 dicuntur
1075 3197 1114 3268 (n)
1126 3196 1334 3265 vincomalum,
1346 3211 1454 3265 qnorum
1460 3196 1517 3266 jann
1528 3206 1554 3249 stt
1567 3197 1595 3249 in
1607 3196 1634 3249 id
1648 3197 1730 3252 celatis

940 3290 1026 3361 pneris
1039 3290 1078 3343 uel
1090 3288 1191 3359 paterni
1204 3287 1242 3343 uel
1256 3288 1316 3342 aat'ti
1328 3287 1455 3358 specimen
1468 3288 1550 3342 elucet
1562 3288 1671 3358 ingenii.
1727 3264 1750 3313 '

1316 3381 1360 3436 tlt.

95 3459 297 3528 diligentissime
312 3459 428 3516 iunctus.
449 3463 547 3530 Quales
567 3462 668 3518 luerint
687 3464 761 3519 iliius
777 3465 805 3520 in
819 3465 890 3520 dini·
976 3478 1012 3531 Αι
1024 3490 1087 3530 vero
1102 3473 1231 3543 singulari
1241 3488 1304 3528 eum
1319 3472 1459 3538 doctrinae,
1475 3472 1625 3527 tumetium
1640 3473 1732 3530 virtuti

28 3550 33 3565 ¹
95 3562 154 3603 uam
175 3551 343 3618 majestatem
364 3552 539 3620 cogitationes
559 3553 599 3608 rel
620 3568 653 3608 en
670 3555 709 3610 cis
727 3563 812 3624 patet,
829 3571 891 3626 quae
942 3562 1596 3632 Boetiicelerridehetacceptum,quodilletel
1616 3563 1732 3619 abado-

96 3640 243 3712 lmpiramc
266 3643 436 3713 philosopha
466 3645 492 3698 in
519 3661 602 3700 aureo
626 3646 672 3702 illo
698 3647 891 3717 philosophica
943 3658 1070 3713 lescentia
1083 3656 1195 3712 summis
1205 3655 1378 3726 dignitatibus
1388 3665 1498 3710 ornatus
1511 3655 1601 3710 luerit.
1614 3655 1733 3711 Primum

96 3731 292 3788 Consolationis
306 3736 434 3802 opusculo
450 3734 484 3807 (s)
510 3738 643 3805 protulit:
665 3737 731 3792 nihil
745 3740 816 3793 enitn
832 3747 889 3794 tum
942 3750 1051 3820 quidem
1067 3749 1155 3805 antino
1172 3737 1279 3817 iunonis
1295 3747 1334 3817 (o)
1354 3748 1380 3801 in
1402 3757 1505 3815 patrum
1525 3759 1733 3817 senatorumque

97 3823 195 3890 docuit,
212 3827 263 3880 uiri
277 3829 346 3896 qurrrl
358 3828 416 3896 ipse
430 3827 468 3900 (g)
481 3829 586 3893 lecerit,
606 3845 655 3884 nec
674 3839 748 3886 tanta
762 3829 891 3888 lacilitate
943 3838 1038 3894 ordine
1050 3838 1165 3908 positus,
1182 3836 1308 3906 patricius
1322 3834 1381 3889 luit.
1399 3834 1502 3890 Deinde
1515 3848 1586 3889 anno
1600 3850 1654 3890 sua
1669 3843 1733 3893 aeta-

98 3924 158 3969 runc
173 3925 304 3986 praesare
319 3919 415 3985 potnit.
439 3919 490 3972 nisi
504 3918 574 3988 quoa
591 3922 719 3975 areneris
734 3921 812 3976 auris
825 3937 892 3977 con·
945 3930 979 3984 tis
989 3929 1094 3985 circiter
1107 3928 1246 3997 trigesimo
1257 3927 1350 3996 quinto
1364 3924 1413 3981 init
1423 3925 1461 3997 (a)
1474 3926 1579 3981 consul.
1593 3925 1734 3981 Postremo

97 4005 196 4060 tinuata
214 4007 478 4074 pietateexercuerit.
493 4009 528 4063 ht
540 4010 684 4080 singularis
704 4011 892 4069 benevolentia
945 4027 1023 4072 aetate
1039 4019 1190 4088 provectior
1213 4017 1339 4086 magister
1353 4016 1403 4069 luit
1416 4013 1453 4085 (a)
1475 4013 1646 4069 ciliciorum:
1667 4029 1734 4083 quas

97 4093 181 4179 Boetii
197 4097 328 4152 inomnes
343 4098 474 4164 homines,
491 4101 605 4155 miseros
623 4104 893 4173 praeemines-troo
945 4108 1051 4178 quidem
1071 4107 1214 4178 dignitates
1238 4116 1269 4162 ut
1292 4121 1344 4161 non
1367 4108 1495 4175 suscepit,
1508 4108 1547 4162 sic
1568 4122 1621 4161 non
1640 4108 1734 4176 gessit,

98 4188 174 4243 ctiam
188 4196 230 4243 est
243 4189 394 4257 manifesta,
409 4191 479 4261 quad
494 4208 554 4247 cum
570 4192 610 4262 (h)
622 4193 723 4263 ingenti
732 4196 826 4250 salutis
837 4210 894 4251 suae
946 4198 997 4252 nisi
1019 4198 1055 4269 (r)
1079 4198 1215 4254 communi
1239 4195 1370 4252 honorum
1394 4198 1513 4251 omnium
1538 4196 1649 4252 studio:
1674 4196 1736 4252 hinc

97 4281 217 4350 periculo
232 4290 354 4336 senatum
370 4283 536 4353 populosque
550 4298 644 4340 omnes
659 4300 719 4341 cum
733 4287 893 4356 gravissima
947 4286 1045 4358 iniquis
1066 4289 1248 4358 improbarum
1270 4288 1389 4342 omniurn
1409 4288 1529 4342 consiliis
1549 4301 1608 4342 sese
1630 4302 1736 4356 semper

98 4371 231 4438 aratione,
255 4382 311 4427 tum
340 4374 420 4428 etiam
447 4373 550 4444 ohjecta
582 4377 707 4444 periculis
736 4382 895 4433 auctoritate
946 4380 1094 4448 opposuit:
1111 4378 1225 4447 hinc(s)
1249 4376 1420 4446 Conigastum
1442 4384 1604 4436 exactorem,
1624 4377 1736 4430 misero·

99 4466 245 4532 protexerit
260 4481 267 4519 :
280 4466 404 4537 quodque
417 4467 446 4539 (i)
464 4468 546 4530 luerit
567 4469 593 4522 in
617 4485 748 4539 pauperes
762 4469 892 4526 liberalis.
949 4486 1006 4525 rum
1021 4470 1118 4525 civium
1135 4469 1254 4524 tortunas
1269 4467 1449 4530 invadentem,
1468 4465 1567 4534 saepius
1587 4468 1734 4533 repressit:
1825 4467 1828 4472 '

137 4646 164 4715 (a
197 4647 224 4700 ln
241 4649 372 4715 supplem.
388 4648 516 4703 chronic.

133 4720 171 4852 ἑξ)
193 4718 345 4840 fsspzsiudor.
361 4718 379 4771 1.
392 4735 400 4772 t
415 4717 491 4783 var..
504 4734 547 4789 ep.
563 4719 608 4774 15,

907 4653 967 4776 1)G
985 4647 1072 4773 ikydln
1087 4649 1154 4773 illitap
1172 4648 1386 4773 Boetiiisliatiiem¹
1411 4646 1476 4772 (ἒῑοῑι
1493 4645 1577 4701 Lilius
1591 4645 1737 4717 Gregorius

971 4734 1017 4790 yra
1049 4735 1078 4774 ns
1109 4733 1124 4773 e
1156 4729 1241 4774 oetar.
1279 4727 1322 4773 rst.
1354 4721 1398 4772 in.
1434 4757 1441 4771 .

137 4857 178 4925 (dy
200 4853 441 4937 magdeburgenses
455 4859 575 4913 centuria
587 4858 614 4924 ti,
629 4873 654 4913 c.
673 4860 718 4922 ltt,
733 4863 761 4912 et
771 4865 833 4913 ante
844 4856 894 4911 ltoc
946 4788 1224 4915 ωέέἒιαξᾝῗὲιωὲωι
1250 4792 1268 4844 L
1289 4805 1309 4856 ¹,
1332 4803 1404 4857 proh
1421 4788 1437 4839 4
1454 4785 1552 4841 :som
1566 4794 1643 4840 amm
1657 4786 1736 4856 Sym‘

102 4925 128 4978 S.
148 4927 326 5006 rintomnush
341 4940 410 4998 part.
428 4926 507 4996 hist,
523 4930 564 4983 tit.
579 4929 624 4995 ll,
638 4943 696 4999 cap.
720 4927 764 4994 15,
779 4941 811 4982 es
827 4927 893 4982 tlin-
983 4929 1031 4997 (en)
1052 4929 1130 4992 tnta..
1154 4931 1200 4984 lih.
1220 4944 1250 4994 tt,
1273 4944 1345 4997 prus.
1361 4929 1394 4984 δε
1414 4925 1486 4980 Duos
1505 4927 1600 4994 pariter
1621 4927 1737 4980 eonsules

101 5007 201 5047 centro.
948 4997 1025 5052 libera
1058 5010 1115 5053 tator
1135 5001 1211 5053 danto
1228 4999 1330 5066 prouehi
1348 5003 1393 5052 sui
1407 4998 1550 5068 frequentia
1563 5007 1663 5066 patrum
1690 4999 1737 5050 seth

140 5068 176 5130 (e)
196 5065 242 5120 Sic
260 5065 377 5135 loqrritur
394 5069 457 5149 ‚ipse
472 5069 581 5123 Boetius
605 5068 625 5122 l.
648 5068 683 5125 de
698 5067 783 5124 Buah.
798 5066 895 5124 Natur.
948 5069 1030 5138 plebis
1044 5070 1175 5124 alacritate
1187 5069 1282 5124 uidisti.
1667 5039 1675 5064 ⁹

102 5146 126 5188 et
146 5150 198 5187 rena
211 5151 323 5202 persona
338 5135 449 5191 Christe.
986 5138 1027 5210 (n)
1046 5139 1124 5203 ibid..
1140 5156 1212 5209 pros.
1230 5139 1255 5190 l.

136 5205 172 5271 (fl
194 5206 345 5286 Praesertim
361 5209 395 5260 ah
411 5207 486 5262 initio
499 5208 560 5263 lihri
576 5206 663 5263 tertii.
984 5212 1021 5276 (al
1041 5210 1155 5276 Consul,
1168 5211 1266 5279 philos.
1289 5208 1307 5261 1.
1328 5223 1356 5270 ιι,
1373 5222 1443 5275 pros.
1461 5209 1501 5263 5:
1524 5208 1651 5276 l'rarlerea
1670 5223 1740 5258 sant·

104 5343 124 5397 B
138 5275 177 5354 igi
199 5275 338 5329 Errnotlms
359 5278 477 5347 episcop.
500 5279 662 5342 TicinentiS,
693 5279 713 5334 1.
724 5294 772 5348 vet,
789 5294 833 5350 ep.
848 5279 894 5345 ts,
949 5288 1006 5348 ptus
1020 5280 1047 5332 in
1060 5280 1231 5361 adolescentia
1245 5286 1350 5360 negatas
1364 5278 1465 5331 senibus
1481 5279 1629 5348 dignitates.
1770 5283 1776 5294 '

126 5355 310 5481 amomum
325 5416 395 5471 Phil.
411 5417 430 5470 1.
448 5432 470 5485 r,
485 5433 558 5489 pros.
573 5417 611 5474 ll:
627 5417 694 5473 lndc
704 5435 761 5472 cnm
775 5416 896 5490 improbis
986 5349 1025 5489 g}
1044 5349 1464 5487 gelxsriiliussrhiloslj’lfpt'ffl’pros.
1478 5420 1493 5473 4
1509 5436 1514 5471 :
1530 5415 1594 5471 cnm
1616 5413 1740 5465 Decorato

103 5499 208 5552 graues,
220 5498 272 5538 etc.
949 5503 1034 5561 perere
1049 5505 1090 5540 mn
1110 5491 1236 5541 islrntnm.

140 5551 173 5624 (i)
187 5554 469 5623 llagrlelrurgenscsex
478 5558 608 5629 Procopio
621 5560 640 5616 l.
650 5575 657 5614 r
669 5559 703 5616 de
717 5558 790 5615 Bello
798 5557 892 5624 Goth,
987 5559 1022 5627 (r)
1045 5507 1121 5621 turri,
1138 5557 1185 5612 lih.
1200 5574 1218 5623 ι,
1234 5573 1307 5628 pros.
1323 5559 1340 5611 l
1357 5576 1363 5610 ι
1381 5555 1489 5609 lllnllnrn
1505 5569 1544 5606 rue
1557 5551 1591 5604 ad
1603 5553 1739 5621 mapistra·

104 5632 178 5686 0¹20·
193 5635 264 5676 cent.
281 5624 308 5691 6,
324 5641 348 5679 c.
364 5628 407 5680 lt).
952 5638 1016 5692 terrra,
1033 5628 1083 5680 nisi
1099 5645 1230 5685 commune
1249 5629 1372 5684 honorum
1390 5625 1502 5680 omnium
1519 5623 1643 5688 stadium,
1663 5622 1739 5677 detn-

140 5693 176 5762 (t')
199 5694 309 5748 Consul.
331 5695 490 5764 philaelih.
520 5713 555 5766 tr,
579 5701 707 5770 promi:
733 5699 796 5756 Cum
825 5705 895 5752 tanta
953 5697 1021 5753 lisse.
1686 5689 1689 5695 ’

104 5764 244 5832 sptendore
255 5781 410 5821 socerorum.
969 5807 973 5814 .
988 5764 1025 5837 (s)
1044 5765 1113 5823 totu.
