3906 6180
228 363 261 416 ta
587 392 590 397 ·
794 358 927 416 naboon
947 361 1096 416 eetsooti
1115 360 1303 417 Ttttttttmsts
1830 365 1861 419 to

225 479 270 537 Sic
283 492 360 533 meus
373 474 570 546 congressionis
585 475 675 543 ignara
688 472 879 529 certaminibus
891 483 955 529 ante
965 479 1048 544 pets
1064 475 1187 542 stitistis,
1208 478 1288 531 etiam
1304 477 1403 531 illaesus
1418 475 1553 544 incipiam.
1571 475 1743 531 beieniticam
1759 477 1854 547 allega·

224 574 338 628 riculttm
358 570 440 625 debet
464 568 599 623 allectum.
624 565 722 621 Leonis
745 566 862 635 rabiem,
885 576 1011 636 etquam
1065 567 1163 621 tionem
1178 568 1319 636 autplexus
1330 567 1482 634 epistolaris
1493 567 1603 637 eloquit,
1613 581 1666 637 ¹ago
1678 578 1758 638 atquo
1770 570 1856 621 babeo

224 664 306 733 lsibga
318 663 365 716 alit
376 660 499 723 bestiam,
512 672 590 729 quam
606 665 642 722 te,
654 658 742 727 lingua
754 672 853 713 censeo
866 655 1010 712 mitiorem.
1062 657 1171 725 gratias,
1186 657 1255 726 quod
1271 671 1314 710 me
1327 656 1373 710 diu
1394 658 1509 712 tristium
1529 658 1653 713 noluistis
1665 672 1726 713 esse
1750 660 1856 726 partici-

223 753 288 821 Qutc
302 767 344 805 me
357 749 533 822 praecipitarit
546 747 668 803 insciliai
681 748 725 816 qni
740 748 823 801 animi
836 746 923 802 ierror
935 761 951 800 a
965 761 1011 801 co·

1064 762 1127 816 pern
1142 765 1148 800 :
1167 748 1270 803 lecistis
1282 748 1332 803 boc
1343 747 1454 804 iorsitan
1467 758 1531 803 voto
1543 758 1570 802 et
1580 749 1670 803 studio
1681 749 1856 803 consulentis.

222 843 340 913 guttans
351 841 387 895 tui
403 840 617 910 peregrinantem
630 839 706 893 dutit
719 838 745 893 in
756 837 874 906 derium,
885 847 914 893 ut
925 838 1014 896 nesci·
1043 910 1047 919 Ι
1062 837 1115 892 Sed
1128 838 1232 893 ascribo
1247 837 1364 909 peccatis
1375 839 1452 904 meis,
1464 838 1533 908 qnod
1545 838 1701 908 majoribus,
1713 840 1776 892 dum
1790 850 1858 893 tem-

222 947 280 988 rem
301 931 364 1002 quid
387 931 526 987 iutcntioni
549 931 688 986 lacessitus
708 928 829 995 deberet,
845 931 891 1000 qui
905 946 1012 999 semper

222 1022 398 1080 contumelias
411 1023 513 1092 primus
527 1021 629 1091 incipit,
642 1023 686 1091 qui
698 1021 854 1091 iniuriarum
865 1024 1012 1094 gymnasiis

223 1130 357 1185 stttttquam
373 1115 470 1169 meruit
482 1113 651 1180 postltaberil
666 1112 830 1168 clericorum
845 1123 919 1169 certe
932 1129 1013 1169 eser·

223 1208 396 1263 citatissimos
408 1207 577 1271 maledictor;
591 1205 637 1275 qui
650 1204 683 1259 ad
696 1220 743 1261 eos
758 1221 865 1276 semper
875 1208 976 1264 novelli
985 1220 1013 1264 et

227 1301 291 1356 scuti
305 1300 392 1356 dentis
408 1312 514 1354 morsus
528 1297 668 1362 exhibuit,
685 1313 763 1367 quem
778 1299 896 1354 evadere
910 1300 943 1354 ad
960 1315 1013 1354 uu·

223 1411 302 1464 guem
316 1395 394 1449 ducta
408 1394 461 1449 trita
475 1407 527 1447 nott
542 1392 654 1451 meruit:
671 1391 713 1446 cui
725 1392 807 1446 cessit
820 1392 907 1447 omnis
922 1393 1013 1447 erudi·

225 1490 278 1554 tio:
299 1496 327 1544 et
341 1488 416 1557 quasi
431 1494 562 1542 cometem
578 1484 652 1540 sidus
665 1484 851 1553 religiosorum
868 1484 934 1552 fugit
949 1485 1013 1539 ursi·

223 1579 347 1635 versitas.
370 1580 445 1633 ltuuc
458 1591 521 1646 ergo
534 1575 672 1644 improbus
686 1584 714 1629 et
730 1573 818 1630 irottte
830 1574 927 1630 debilis
940 1576 1014 1630 esci·

223 1679 288 1734 tari.
305 1677 359 1731 liae
374 1675 469 1731 bdncia
483 1687 668 1742 provocassem
681 1676 775 1726 ventos
788 1671 820 1725 atl
834 1670 960 1736 flandum,
977 1670 1011 1725 ad

224 1784 331 1825 cttrsttm
345 1766 469 1829 duruiua,
485 1764 614 1819 Faustum
628 1777 716 1816 meum
730 1761 763 1815 ad
777 1761 945 1827 iacuttdiam‚
959 1776 1011 1831 qua

1065 931 1165 995 peratis
1179 928 1506 999 alloqttio,sum1sctattts
1521 930 1676 997 angoribus.
1693 931 1754 983 tlibi
1771 931 1814 982 utri
1831 930 1857 983 iu

1063 1016 1204 1070 adeersum
1225 1017 1333 1085 prouisa
1351 1015 1521 1086 contingunt,
1534 1018 1597 1071 dum
1613 1017 1734 1084 gratiora
1753 1031 1859 1082 sempet-

1063 1107 1089 1159 itt
1104 1121 1158 1160 moe
1173 1120 1219 1160 ore
1232 1105 1345 1170 aestimo,
1357 1121 1417 1174 quae
1428 1117 1549 1161 tacentur
1560 1123 1567 1159 ε
1580 1107 1641 1175 quia
1652 1106 1732 1159 credo
1743 1105 1813 1175 quod
1825 1106 1858 1159 do

1063 1195 1244 1250 mediocribus
1254 1210 1325 1264 saepe
1334 1195 1567 1251 communicentur
1579 1196 1658 1251 rerba
1675 1194 1857 1263 languoribus,

1063 1302 1121 1342 cnm
1147 1287 1304 1357 proximitas
1329 1289 1431 1342 [utteris
1452 1288 1566 1358 imperet
1584 1288 1688 1341 silentia
1709 1289 1763 1341 cito
1783 1303 1857 1340 rum·
1882 1338 1885 1343 .

1064 1379 1160 1448 peuda.
1176 1378 1231 1432 beo
1241 1379 1350 1449 gratias,
1363 1379 1409 1448 qui
1420 1394 1451 1432 ea
1465 1393 1525 1446 qnae
1540 1379 1607 1431 dura
1619 1378 1858 1440 aestintatttttt,cle·

1065 1471 1164 1523 utentia
1180 1473 1248 1525 bene
1263 1471 1352 1534 vertit,
1366 1480 1393 1525 et
1407 1485 1465 1540 qum
1480 1485 1514 1525 cs
1527 1474 1623 1524 merito
1639 1482 1731 1523 nostro
1747 1479 1856 1524 uentura

1063 1563 1237 1632 collegimus,
1256 1577 1288 1619 es
1305 1577 1353 1617 sua
1368 1561 1432 1617 iacit
1447 1563 1621 1618 miseratione
1637 1561 1787 1617 transferri.
1804 1561 1856 1615 Vo·

1064 1652 1172 1706 inissem
1190 1663 1291 1718 tamen,
1309 1651 1389 1708 talem
1402 1652 1473 1706 cirta
1485 1653 1645 1721 parvitatem
1660 1667 1745 1706 meam
1759 1652 1852 1722 digua·

1064 1739 1101 1795 tiu
1113 1751 1201 1795 restra
1218 1742 1347 1797 tenuisset
1361 1740 1497 1805 allectum,
1508 1753 1536 1795 ut
1547 1757 1627 1811 quem
1641 1743 1765 1797 comitem
1781 1759 1853 1812 sape

223 1868 251 1916 te
263 1858 296 1913 ad
310 1856 491 1927 garrulitatem
506 1853 631 1923 loquendi
642 1867 738 1924 parcus
751 1852 858 1909 ierratis
869 1853 1010 1909 verborum
1029 1831 1169 1902 Bgtttdiis
1187 1830 1350 1899 adhibuisti,
1368 1846 1427 1886 cnm
1442 1846 1475 1887 eo
1490 1833 1637 1901 elegissetis
1652 1832 1731 1887 etium
1745 1833 1855 1886 aduersa

223 1949 342 2005 calcibus
355 1945 480 2002 animari.
492 1945 611 2015 ignosce,
620 1959 722 2014 quaeso,
735 1952 761 1999 et
772 1944 842 2014 qoud
857 1945 883 1998 itt
898 1945 957 2000 aliis
972 1946 1011 1999 ri-

224 2042 289 2097 tium
309 2051 398 2110 putas,
421 2039 628 2094 taciturnitatem
644 2037 758 2090 amantis
772 2051 870 2106 sperne
885 2053 892 2091 ε
907 2038 1011 2092 abstine

223 2150 238 2192 s
251 2135 399 2205 responsis,
416 2139 608 2203 prouocantem
622 2128 718 2184 damna
733 2138 896 2199 contemptu.
911 2129 1010 2184 'lecum

223 2226 343 2282 decertet
356 2224 389 2278 de
403 2222 499 2277 mediis
516 2223 598 2276 euriae
618 2219 714 2275 dnibus
728 2220 852 2282 eductus.
863 2221 934 2274 eirca
948 2220 1010 2276 Gal·

223 2316 277 2370 lum
301 2313 423 2384 prosapia
439 2312 599 2375 conticesce,
623 2310 721 2365 silentii
745 2310 801 2377 tui,
824 2309 847 2364 si
871 2310 1008 2378 prevales,

223 2406 323 2462 talione
337 2405 494 2459 mulcemur.
511 2401 592 2469 Cute,
610 2402 646 2458 mi
660 2400 777 2463 domine,
790 2416 824 2456 ne
836 2400 947 2471 incipias
961 2402 1011 2457 mi-

223 2515 316 2556 norem
330 2498 489 2569 loquacitate
499 2495 670 2567 provocando
681 2494 789 2549 bumiiis
798 2492 1010 2560 aestimariouid

208 2592 295 2648 euim
308 2589 407 2647 latioris
426 2598 479 2654 est,
496 2588 631 2657 jacentem
647 2588 673 2641 itt
687 2601 718 2642 ca
732 2593 808 2657 parte
829 2599 968 2656 superare.
984 2594 1012 2641 et

223 2687 385 2756 triumphum
399 2685 432 2742 de
442 2698 475 2740 ea
485 2683 595 2747 ducere,
616 2682 660 2751 qui
674 2696 704 2735 se
717 2689 780 2735 ante
794 2679 947 2733 condictum
962 2679 1011 2732 im-

224 2795 314 2852 parem
329 2776 492 2834 confitetur?
515 2775 579 2830 Esto
598 2774 662 2829 milti
683 2783 771 2827 tamen
791 2771 860 2840 apud
875 2770 1011 2824 domiuum

223 2868 348 2926 Faustum
362 2867 461 2923 amoris
473 2865 524 2921 mei
538 2864 629 2928 touta,
642 2854 665 2917 si
680 2863 812 2932 querelas,
828 2861 950 2932 quamuis
963 2874 1012 2914 att·

223 2974 322 3034 gttstas,
337 2970 361 3018 ct
378 2959 501 3025 rusticas,
516 2955 609 3011 studes
623 2956 746 3010 evttdore.

502 3044 666 3104 stretona
687 3044 730 3100 ΙΙΙ.

470 3154 597 3193 ennomus
617 3139 625 3169 ¹
649 3152 760 3190 raosro.

258 3236 324 3288 deta
334 3239 376 3286 est
387 3243 468 3284 eausa
478 3226 604 3281 desiderii
616 3225 668 3279 mei
678 3224 809 3280 benedicio
820 3224 990 3293 querelarum
1003 3243 1010 3278 a

224 3321 322 3380 meruit
334 3317 510 3390 impudentia,
523 3314 593 3384 quod
607 3314 720 3382 negabat
730 3314 879 3368 urbanitas.
896 3314 1013 3383 Diligen-

224 3416 287 3472 tiam
302 3410 388 3469 ssncti
401 3408 517 3480 pectoris
533 3421 611 3476 quant
627 3406 723 3460 artilex
740 3405 876 3460 silentium
896 3404 1012 3474 tegebat,

224 3506 323 3571 elicui·,
346 3499 553 3559 taciturnitatem
574 3512 633 3569 quae
646 3498 679 3550 ml
699 3496 818 3552 iomeuta
833 3495 938 3550 ardoris
950 3495 1012 3566 jurei

225 3607 317 3668 mma
329 3595 426 3662 ‘uem’
441 3591 582 3647 mmmm
598 3607 604 3643 ⁵
629 3588 797 3658 prorogando
811 3589 878 3643 'Hes
891 3588 1011 3692 pagina&
1068 3635 1139 3696 ritis,
1154 3635 1175 3687 si
1191 3635 1223 3686 ad
1237 3648 1316 3687 aures
1336 3646 1409 3686 meas
1429 3630 1590 3702 generaliter
1604 3630 1725 3685 debenda
1750 3647 1796 3701 per
1812 3646 1858 3684 tart

225 3689 340 3760 pretium
357 3685 489 3741 vincentis
502 3683 602 3752 accepi.
619 3680 665 3737 Sic
680 3695 787 3736 usuram
800 3682 896 3735 cultori
909 3689 1013 3736 vexatas

224 3781 314 3838 reddit
327 3789 397 3836 terra
409 3775 566 3848 cespitibus,
582 3783 609 3830 et
618 3774 731 3831 feturam
746 3773 861 3828 nobilem
876 3774 910 3828 de
922 3774 1014 3841 singn-

224 3870 326 3926 laribus
335 3867 449 3939 parturit
456 3866 533 3938 gleba
544 3863 725 3935 germinibus:
736 3865 775 3918 sic
785 3863 818 3918 ad
830 3878 922 3917 rocem
935 3863 1013 3918 unius

225 3947 342 4017 bominis
355 3961 486 4013 montium
506 3965 608 4011 secreta
624 3955 797 4022 respondent,
813 3962 842 4009 ct
853 3953 915 4008 dnm
931 3967 1014 4023 angts-

225 4059 283 4106 sttts
305 4048 406 4105 elamor
427 4045 553 4111 vincitur,
581 4044 754 4099 ualitudinem
778 4059 854 4099 snam
881 4043 1013 4097 elementa

225 4140 406 4197 manifestant.
423 4136 589 4207 Euangelicis
604 4134 680 4204 (buc.
692 4150 730 4201 st,
745 4134 773 4204 9)
789 4133 835 4189 tali
850 4135 921 4190 lacto
933 4135 1012 4190 obse-

223 4239 304 4289 cutus
327 4230 452 4296 oraculis,
476 4229 594 4284 [ructum
615 4226 648 4282 de
670 4225 796 4296 precepti
821 4241 881 4281 suut
900 4228 1012 4282 veritate

224 4323 351 4389 sortitusg
362 4319 562 4392 cujusdeclarat
572 4319 722 4383 instructio,
732 4316 802 4387 quod
814 4318 929 4387 pulsanti
940 4332 1013 4387 saepe

224 4422 314 4485 surgat
327 4412 409 4480 Deus,
422 4410 570 4472 attribuat,
584 4410 607 4463 si
619 4422 672 4462 nou
694 4416 802 4478 propter
818 4409 953 4472 meritum,
971 4407 1012 4462 rel

224 4513 333 4575 propter
348 4500 585 4571 importunitatem.
600 4497 725 4552 Facessat
742 4497 852 4567 posthac
866 4498 1011 4553 inlidelium

223 4592 384 4647 malecauta
403 4587 535 4644 discussio
552 4605 559 4641 :
574 4587 719 4656 integritati
732 4586 874 4642 sententiae
888 4587 1013 4658 periculis

223 4667 400 4755 presentibus
415 4678 529 4736 idoneus
543 4676 608 4731 mibi
620 4676 696 4731 testis
712 4676 843 4746 astipulor
870 4676 1014 4747 Frequenti

222 4772 345 4829 oratione
368 4779 458 4839 optata
480 4768 614 4838 promerui
638 4784 644 4822 :
668 4780 826 4821 concessum
850 4776 889 4822 es·
906 4778 1014 4837 precum

222 4861 375 4919 assiduitati
386 4859 457 4931 quod
468 4858 614 4929 negabatur
625 4857 752 4913 examini.
765 4858 854 4913 Debeo
865 4859 941 4914 vobis
951 4859 1016 4914 ami-

222 4953 323 5016 citiam,
338 4949 513 5022 querimoniae
527 4962 594 5004 meae
609 4964 616 5003 ι
632 4962 709 5017 quas,
723 4947 786 5002 dnm
802 4948 872 5005 totis
888 4947 1013 5004 eb'ectum

223 5043 348 5108 tribuitis,
361 5043 419 5114 plus
429 5042 535 5098 amabo.
548 5041 638 5097 Fuerit
652 5040 715 5097 licet
724 5041 799 5113 origo
812 5031 901 5097 vestra
913 5057 927 5097 a
938 5043 1013 5112 justo

223 5134 317 5190 dolore
330 5135 454 5197 veniens3
473 5134 627 5203 lrcqttenter
641 5147 656 5186 a
672 5132 766 5199 vobis,
791 5142 930 5203 postquam
946 5149 1015 5205 prte-

1064 1921 1166 1990 pttriri.
1190 1923 1229 1975 bn
1246 1922 1344 1992 putatis
1357 1922 1411 1978 tale
1431 1923 1589 1978 benelicium
1612 1923 1637 1978 iu
1658 1934 1795 1993 acceptum
1814 1941 1856 1978 mtt

1061 2024 1122 2064 csse
1133 2011 1291 2073 relaturum,
1300 2009 1323 2064 si
1333 2010 1369 2065 ab
1381 2012 1491 2065 testtbtts
1503 2013 1618 2082 pectoris
1626 2013 1721 2077 vestri,
1731 2025 1855 2083 tauquam

1062 2100 1131 2154 male
1151 2099 1237 2154 tidelis
1251 2099 1399 2155 excludari
1423 2098 1481 2156 Nou
1501 2110 1556 2166 est,
1572 2110 1602 2155 nt
1615 2101 1708 2169 rideo,
1724 2104 1793 2173 apud
1809 2112 1856 2157 tos

1063 2189 1115 2243 mei
1137 2188 1204 2243 ratio
1225 2188 1379 2257 dispensata
1394 2188 1524 2244 consiliis.
1546 2189 1602 2261 Ego
1618 2189 1682 2244 trtilti
1698 2191 1785 2257 perire
1797 2205 1855 2260 gra-

1062 2276 1125 2332 tiam
1145 2285 1219 2346 puto,
1238 2277 1288 2330 nisi
1303 2291 1362 2331 eam
1382 2291 1472 2331 rerum
1491 2278 1611 2332 omnium
1632 2280 1768 2333 vobiscum
1783 2295 1856 2333 corn·

1062 2367 1242 2421 musitatione
1265 2365 1399 2419 nutriatis.
1416 2364 1545 2432 Desinite,
1564 2382 1666 2436 queso,
1687 2368 1713 2422 in
1728 2368 1776 2422 bae
1792 2369 1856 2423 milti

1064 2465 1139 2528 parte
1149 2457 1301 2521 consulere,
1317 2465 1406 2510 restra
1420 2456 1555 2526 impendio
1569 2458 1649 2512 rerba
1660 2458 1788 2529 cupienti.
1804 2459 1853 2513 Cui

1062 2548 1085 2602 si
1101 2546 1181 2601 votivi
1199 2554 1330 2616 negentur
1340 2544 1447 2611 aliatus,
1461 2545 1594 2614 indecem,
1605 2555 1633 2601 ut
1650 2554 1721 2602 terra
1733 2550 1775 2602 cui
1787 2547 1856 2601 cndu

1062 2634 1127 2691 nibil
1144 2636 1265 2705 liquitur,
1289 2650 1339 2689 nec
1362 2649 1444 2689 renas
1463 2648 1527 2690 sutas
1541 2649 1622 2691 sttcco
1639 2637 1721 2691 bibuli
1737 2637 1855 2691 bumaria

1063 2726 1189 2788 infundit.
1204 2724 1275 2780 uude
1287 2724 1385 2779 lunatis
1397 2724 1521 2780 alimenta
1532 2727 1627 2780 cuiatis
1637 2728 1773 2791 csbibeat,
1782 2737 1810 2783 ot
1820 2730 1852 2781 ad

1063 2816 1158 2871 falcem
1173 2815 1297 2886 gravidas
1311 2813 1405 2868 aristas
1418 2814 1545 2869 adducat.
1566 2816 1599 2871 itt
1614 2818 1693 2883 piscis
1715 2803 1780 2883 aqua
1794 2818 1855 2870 abs-

1066 2916 1166 2962 tractus
1189 2904 1313 2958 uitalibus
1334 2903 1496 2957 indumentis
1523 2903 1642 2970 privatus
1665 2906 1855 2974 exstinguitur,

1064 2999 1105 3053 sic
1125 3010 1174 3065 ego
1186 2993 1328 3049 subductis
1342 2993 1451 3062 alloquii
1473 2995 1554 3048 vestri
1576 2993 1684 3049 dttetttis
1706 2994 1855 3052 interimor.

1063 3087 1190 3155 Quamne
1203 3084 1245 3138 alii
1259 3082 1328 3154 quod
1345 3081 1459 3138 delectet
1475 3099 1482 3137 a
1498 3098 1548 3154 ego
1563 3098 1607 3138 res
1619 3084 1651 3137 ad
1665 3085 1781 3137 animam
1796 3102 1855 3155 per-

1024 3199 1046 3252 p
1065 3180 1181 3234 timentes
1195 3174 1335 3245 expostulo
1350 3191 1357 3228 :
1374 3173 1439 3228 urilti
1451 3189 1503 3229 non
1520 3185 1572 3228 tam
1586 3173 1696 3230 delicias
1711 3176 1790 3231 rerba
1809 3191 1856 3231 ve·

1064 3279 1119 3323 stra
1136 3268 1252 3337 pariunt,
1266 3282 1345 3338 qnam
1360 3265 1487 3320 salutem.
1507 3265 1573 3320 ilem
1593 3265 1772 3320 latebrantes
1786 3269 1856 3320 co'o·

1064 3371 1148 3414 ratam
1169 3360 1246 3422 lucis,
1268 3359 1349 3413 nullis
1368 3359 1526 3412 nebularum
1548 3358 1680 3427 dep²clam
1702 3357 1856 3423 rstendaciis,

1064 3448 1125 3518 quia
1142 3466 1194 3502 tttttt
1209 3463 1267 3502 sum
1287 3446 1431 3503 sitnnlattdi
1449 3448 1544 3503 artilex
1562 3465 1569 3501 a
1585 3448 1740 3515 decerptum
1756 3448 1856 3519 aliquid

1065 3544 1126 3596 ritae
1142 3557 1209 3597 mete
1224 3541 1327 3606 censui,
1340 3540 1403 3593 dum
1419 3540 1524 3594 tacetis.
1537 3539 1604 3594 lda'e
1619 3555 1667 3593 tos
1682 3539 1775 3594 tideies
1786 3555 1859 3593 asse·

1066 3723 1222 3779 deierantur
1241 3722 1409 3778 incommoda
1426 3738 1433 3775 ε
1453 3721 1529 3791 quasi
1555 3721 1659 3776 straciae
1680 3722 1758 3776 alicui
1782 3723 1857 3775 (ibri-

1066 3816 1154 3870 stione
1166 3814 1264 3868 liccat¹
1280 3812 1391 3879 attalum,
1402 3812 1445 3867 cui
1459 3811 1542 3866 Roma
1552 3812 1711 3868 succumbit.
1727 3811 1857 3866 barbaras

1066 3904 1203 3970 stationes,
1218 3911 1244 3956 ει
1259 3905 1380 3957 ancistro
1399 3901 1485 3956 limite
1500 3910 1557 3955 toto
1578 3915 1648 3971 pene
1660 3902 1725 3956 orbe
1746 3901 1856 3964 diuisas.

1064 3993 1197 4050 continuis
1208 3993 1265 4047 issac
1276 3993 1390 4057 conjicio
1399 3991 1521 4046 lamentis
1532 3991 1719 4061 ingemiscere,
1733 4000 1760 4046 ει
1770 3993 1801 4044 ad
1816 4006 1857 4044 stt·

1066 4084 1157 4139 lutiuttt
1171 4094 1290 4138 nostrum
1305 4083 1437 4153 iacrymas
1447 4083 1631 4138 eomutodare.
1646 4083 1729 4153 iittjtts
1744 4085 1782 4136 rei
1801 4098 1855 4136 ma·

1064 4177 1174 4247 guitudo
1189 4184 1277 4230 restra
1291 4175 1421 4230 adbibere
1436 4190 1465 4230 se
1479 4174 1593 4230 indicem
1609 4175 1690 4245 legit,
1708 4185 1736 4230 ut
1755 4177 1780 4229 iu
1798 4190 1857 4242 pcr-

1069 4268 1167 4323 nieiem
1193 4281 1279 4321 ttteatn
1305 4265 1438 4321 fallacinm
1464 4267 1615 4322 nttntiotum
1641 4265 1771 4321 diabolica
1796 4281 1855 4320 cum

1065 4361 1210 4415 securitate
1224 4369 1285 4412 vota
1301 4358 1465 4412 mentiantur
1479 4374 1487 4410 a
1500 4368 1527 4410 nt
1542 4357 1652 4419 nonsit,
1674 4356 1706 4410 ad
1721 4357 1797 4426 cujus
1812 4373 1857 4410 re·

1065 4450 1172 4504 ritatem
1189 4459 1248 4517 post
1261 4446 1363 4502 tabutas
1378 4448 1496 4503 reducam.
1512 4463 1561 4499 uec
1573 4448 1618 4516 qui
1633 4448 1751 4501 animum
1768 4462 1855 4502 mcum

1067 4539 1121 4590 teri
1133 4535 1361 4591 deutoustratione
1369 4543 1511 4589 su-tetttet.
1520 4535 1675 4601 Careiaris,
1683 4537 1719 4590 mi
1730 4538 1837 4591 domitto
1848 4554 1854 4588 t

1067 4626 1203 4680 t'oilisctlm
1219 4624 1284 4679 mibi
1297 4625 1348 4679 alia
1364 4639 1407 4679 res
1419 4633 1479 4679 est:
1495 4625 1567 4680 aliud
1584 4625 1633 4682 lori
1652 4627 1706 4696 jtts,
1721 4626 1793 4681 aliud
1810 4629 1857 4681 tri·

1066 4715 1151 4771 cliuii.
1170 4714 1269 4770 Audiat
1283 4724 1309 4771 te
1326 4731 1385 4783 qum
1401 4716 1427 4769 its
1447 4718 1653 4772 conversatione
1668 4719 1771 4786 publica
1787 4719 1856 4771 ditii-

1066 4808 1153 4873 ceris,
1179 4807 1275 4861 iamiiia
1298 4807 1443 4862 domestica
1467 4819 1643 4864 retexentem.
1668 4809 1854 4878 Sulq'ectnrum

1066 4897 1180 4960 animos,
1196 4903 1223 4950 ει
1234 4895 1334 4959 iideies,
1346 4904 1374 4949 ιιι
1394 4897 1502 4965 putatis,
1519 4907 1622 4952 memes
1637 4898 1794 4952 relationum
1810 4916 1851 4952 re·
1874 4945 1877 4953 .

1067 4997 1183 5042 strarum
1195 4986 1263 5040 «siliis
1277 4986 1352 5049 alite,
1367 5001 1399 5040 ue
1408 4986 1498 5055 ieiuna
1508 4990 1654 5043 amicorum
1666 4990 1746 5043 cerda
1761 4990 1855 5043 talbtt·

1065 5075 1174 5131 ferculis
1187 5075 1300 5143 impasta
1316 5074 1472 5130 moriautur.

260 5244 268 5275 ¹
289 5241 398 5314 Fsttsto]
413 5242 514 5297 Nullius
530 5256 625 5297 nomeu
647 5241 673 5296 itt
688 5241 813 5311 operibus
834 5242 947 5298 Ennodii
965 5260 1016 5300 ste-
1066 5247 1167 5302 cltrsti
1182 5247 1245 5302 d85.
1258 5248 1307 5314 Qui
1320 5247 1468 5316 aginardus
1481 5248 1594 5313 Faustus
1608 5249 1704 5302 dieitur
1717 5250 1743 5303 itt
1755 5252 1855 5301 tutumo

225 5313 283 5382 pius
305 5316 421 5368 occurrit
434 5327 511 5380 quam
528 5311 635 5366 Fasti:
658 5314 733 5379 eujus
747 5312 923 5379 cottsulatum,
943 5329 1017 5383 qnae-
1067 5317 1225 5373 llamlrusze.
1242 5319 1316 5372 iliter
1333 5319 1374 5374 i'i.
1398 5318 1511 5372 Fau-tus
1531 5320 1622 5385 juttior
1641 5336 1647 5371 :
1664 5320 1707 5373 ltie
1729 5320 1854 5380 lttrtaste,

223 5391 335 5447 situram,
349 5383 546 5452 praefecturam,
571 5382 738 5449 patriciatum
759 5384 841 5437 sartis
855 5381 921 5438 locis
942 5398 1018 5438 eom·
1067 5389 1167 5455 dequo
1182 5390 1296 5455 agimus,
1317 5391 1360 5453 qui
1376 5391 1491 5456 septittto
1513 5400 1573 5459 post
1596 5392 1764 5458 superiorem
1783 5406 1854 5442 arant

223 5462 365 5507 tttcurontt.
387 5453 411 5506 is
428 5463 470 5505 eet
485 5450 597 5505 Faustus
615 5453 753 5515 escuttsut,
770 5467 850 5522 quern
871 5468 920 5522 pro
932 5454 1010 5524 Sym·
1067 5460 1159 5513 cousut
1176 5459 1225 5511 tuis
1236 5472 1296 5511 ctutt
1310 5457 1440 5525 Longitttt.

224 5520 321 5577 ttraebo
343 5537 407 5645 papa
432 5521 457 5575 in
480 5518 614 5602 Laurentii
629 5523 774 5576 sclusmate
794 5524 914 5587 stetisse,
930 5535 1010 5594 atque
1098 5528 1109 5558 ¹
1131 5526 1231 5580 ditatam
1244 5529 1285 5580 cui
1304 5525 1382 5580 limma
1403 5525 1552 5597 attestantia]
1567 5528 1608 5581 ob
1624 5527 1765 5581 laesionem
1781 5528 1856 5582 ride·

223 5592 353 5645 adsersus
396 5602 482 5646 estnm
503 5600 530 5646 et
551 5593 675 5646 blbtuum
698 5594 760 5646 item
781 5595 949 5657 exconsules,
963 5595 1009 5664 qui
1063 5597 1126 5650 iicet
1150 5599 1302 5651 scitismatis
1327 5597 1508 5661 tauremtaui,
1529 5613 1677 5665 gravesque
1700 5599 1853 5651 coutentiu-

225 5665 367 5716 lsuretttio
392 5660 524 5726 iacebant,
554 5664 657 5715 lortiter
681 5676 823 5729 pugnasse,
850 5673 943 5716 auctor
967 5676 1009 5719 est
1061 5683 1121 5729 nes,
1137 5681 1256 5734 pttgtms,
1270 5668 1360 5720 caedes
1373 5681 1404 5719 er
1419 5682 1449 5719 ca
1465 5680 1560 5730 uatus,
1576 5668 1610 5720 de
1624 5669 1721 5734 qtttlttrs
1736 5668 1761 5720 in
1776 5667 1856 5737 Sym-

225 5731 392 5787 dttastasios.
406 5733 460 5787 Sed
476 5732 565 5786 Fausti
579 5731 735 5787 consulares
750 5734 800 5785 boc
815 5744 934 5798 ternpore
955 5733 1008 5789 dtto
1059 5738 1146 5791 trutcbi
1173 5737 1229 5790 Vita
1255 5737 1323 5789 itleut
1351 5737 1516 5801 bttuatusius,
1540 5747 1565 5788 ct
1591 5736 1727 5790 Etttrodins
1749 5740 1808 5805 ipse
1830 5738 1857 5789 itt

225 5802 342 5859 luerunt.
367 5799 440 5858 Untts
461 5804 600 5860 consulatu
618 5802 677 5857 sittc
690 5802 793 5871 collega
816 5802 920 5856 iunctus
938 5818 1008 5859 anno
1063 5807 1246 5877 apologetico.
