3906 6180
86 328 139 387 955

455 445 565 509 Lateque
577 457 704 498 soeautem

147 504 253 555 Pertulit
265 504 358 552 lenium
373 520 378 552 :

87 585 114 641 id
129 595 169 641 est
182 600 309 656 perpessa
330 593 380 640 cst.
408 587 556 656 Aliquando
577 600 728 658 apportare,
752 598 781 644 ut
801 592 871 659 apud

84 675 243 730 Ciceronem
262 674 398 729 :litteras
419 675 451 728 ad
470 684 497 731 te
512 675 683 745 perferendas
701 678 772 735 dedi.
792 679 872 733 lent-

84 781 162 821 coca.

122 856 252 927 officinae)
266 857 387 922 Olltcina,
403 858 436 910 ab
449 859 537 913 ellicio
548 861 627 922 dicia,
642 871 681 914 est
694 861 768 914 locus
779 861 804 914 io
818 876 871 928 qno

85 947 296 1017 opiltcesollreia,
310 948 360 1002 bec
371 959 411 1004 est
422 960 492 1004 artes
504 965 566 1004 suas
577 962 711 1005 exercent.
723 951 868 1007 donicata.

121 1040 276 1113 Flnitonter]
293 1040 320 1094 ld
331 1049 373 1095 cst
382 1049 441 1096 sese
455 1043 587 1111 agitantes
597 1044 638 1097 rel
651 1044 813 1111 trepidantes
827 1045 869 1099 tel

84 1132 238 1200 gestientes.
260 1130 304 1185 Sic
322 1131 392 1186 coint
412 1130 505 1187 Cicero
532 1133 708 1187 inconsultum
731 1134 867 1203 gaudium,

84 1221 202 1275 laetitiam
217 1222 375 1290 gestientem
387 1234 474 1289 necat,
486 1223 558 1277 idest
571 1223 666 1278 crebro
676 1239 705 1278 sc
719 1232 868 1279 merentem

83 1321 111 1366 ct
123 1311 309 1380 trepidantem,
321 1313 399 1369 sicuti
413 1329 471 1368 mos
484 1324 525 1368 est
537 1315 613 1368 lactis.
622 1314 767 1370 Aenrcotr.

120 1401 335 1473 Perditiesimnm]
347 1403 446 1458 Perditi
465 1404 590 1459 dicuntur
604 1406 648 1475 qui
660 1421 711 1459 non
728 1406 868 1460 mediocri-

84 1500 179 1547 terant
192 1493 368 1548 tolerabiliter
386 1504 447 1548 suot
466 1494 538 1560 mali,
552 1506 578 1550 et
591 1495 728 1565 dequibus
744 1497 814 1549 nulla
828 1506 869 1551 cet

85 1583 198 1652 amplius
209 1598 270 1652 spes
281 1585 353 1651 boni,
366 1600 432 1655 quos
440 1586 525 1641 Graeci
536 1597 564 1641 ιι
574 1588 666 1643 Cicero
679 1601 866 1658 nonnunquam

85 1685 144 1728 usus
154 1689 187 1728 co
197 1675 287 1740 rerbe,
301 1678 416 1737 ἀσώτους
430 1688 531 1732 vocant.
547 1680 689 1733 dearcena.

120 1761 253 1836 insontes]
270 1766 362 1821 losons
376 1781 391 1820 a
406 1782 469 1821 sons
488 1767 595 1832 dicitur,
612 1767 778 1838 quodetiam
796 1785 867 1825 nnnc

85 1865 147 1907 usus
161 1856 251 1922 babet,
267 1863 371 1911 veteres
382 1858 576 1927 tamensaepius
586 1857 728 1912 dircrunt:
746 1858 866 1912 testimo-

85 1945 154 1999 nium
176 1953 217 2000 est
237 1946 308 2000 Festi
331 1947 460 2015 Pompeii,
475 1950 519 2014 qni
543 1951 673 2003 sonticum
698 1949 797 2018 justum
812 1952 868 2004 rnlt

85 2035 243 2104 significare,
257 2051 358 2106 ponens
372 2039 452 2091 verba
466 2037 557 2102 Naevii,
570 2037 695 2094 dicentis:

151 2126 272 2176 Senticam
295 2139 351 2176 esse
370 2133 466 2188 opertet
479 2138 584 2185 causam,
604 2128 760 2249 ιιιιιιιιιίιιιιιιι
780 2128 867 2189 perdas

689 2202 728 2237 mu
740 2202 817 2239 terem
830 2204 835 2238 :

87 2281 145 2324 turn
166 2270 263 2325 rectius
288 2268 400 2323 dixisset
417 2268 526 2331 Festus,
553 2285 660 2339 gratem
679 2281 724 2324 aut
747 2273 866 2325 noriam.

86 2361 188 2416 Dictum
198 2371 302 2416 sentem
317 2361 442 2427 arbitror,
458 2360 491 2414 de
503 2377 556 2429 quo
567 2375 650 2416 sonus
665 2361 720 2426 liat,
734 2363 760 2416 id
772 2371 812 2417 est
822 2364 866 2431 qni

86 2449 111 2505 ln
125 2450 194 2505 lama
207 2459 234 2505 ct
247 2464 313 2505 seno
326 2450 462 2506 bominum
476 2461 606 2506 versatur.
615 2456 760 2507 donicens.

118 2539 240 2594 Crotalus
258 2539 364 2609 accedit]
375 2541 501 2594 Cumulos
512 2542 641 2595 malorum
667 2542 868 2609 proverbialiter

86 2628 180 2683 dicitur
194 2629 229 2684 ιιι
247 2629 397 2698 ingentibus
411 2629 489 2683 malis
505 2640 533 2684 et
553 2630 748 2685 calamitatibus
762 2649 768 2683 :
782 2640 811 2685 ut
822 2645 865 2686 cu·

87 2718 173 2774 reulus
192 2733 239 2774 seu
250 2733 361 2775 acervus
385 2719 527 2784 bonorum,
542 2720 576 2774 de
590 2720 684 2789 opibus
707 2721 866 2788 ingentiitns.

85 2813 152 2866 Sunt
165 2821 191 2866 et
203 2812 246 2866 illa
258 2810 379 2867 Ciceroni
395 2811 544 2879 lamlliaria,
557 2811 692 2867 cumulare
704 2812 808 2877 elliciis,
823 2828 869 2867 cu-

87 2901 258 2957 mulatissime
268 2902 433 2966 satislaeere,
448 2902 569 2957 cumulus
583 2903 747 2956 meritorum.

349 2992 381 3045 lli
406 2993 550 3046 llETllUll
570 2993 602 3046 i.

123 3078 284 3151 Uitellilert'l
300 3081 407 3135 Boetius
430 3081 481 3135 bec
502 3082 622 3136 carmine
645 3081 766 3151 deplorat
777 3082 867 3136 coodi-

87 3173 184 3227 tionem
199 3171 320 3226 bemanus
334 3179 447 3237 naturae,
463 3187 521 3226 cum
537 3173 605 3226 Ucus
617 3173 705 3226 emnia
719 3189 777 3241 quar
788 3173 814 3226 in
826 3187 868 3227 rc.
882 3159 904 3220 C
919 3139 1015 3192 ‘¹¹⁰¹fflf
1030 3154 1037 3203 ἱ

88 3277 144 3318 rum
154 3271 245 3317 natura
258 3264 362 3318 suntad
374 3272 473 3319 certam
483 3266 568 3333 legem
579 3264 866 3331 alligarentetomnin

89 3353 122 3406 ita
138 3353 291 3417 instituerit,
307 3362 335 3406 nt
345 3369 436 3409 errare
451 3365 496 3408 aut
511 3369 622 3425 peccare
638 3357 797 3423 nequirent:
819 3354 867 3408 soli

88 3444 188 3499 bomini
202 3445 276 3500 dedit
290 3445 452 3512 libertatem,
467 3455 496 3500 ut
513 3456 603 3514 posset
617 3447 684 3502 bene
697 3456 724 3501 et
745 3447 816 3501 male
829 3446 867 3499 la-

89 3550 158 3601 cere,
170 3543 199 3590 et
213 3537 236 3591 ci
252 3537 411 3604 permiserit,
427 3551 454 3591 ut
466 3538 516 3592 ltac
529 3539 650 3593 libertate
662 3539 870 3608 plerumqueab-

89 3630 222 3690 uteretur,
238 3635 265 3681 et
279 3626 340 3679 mali
364 3635 517 3695 premerent
536 3628 669 3682 meliores.
687 3627 777 3683 Gentis
792 3631 868 3683 metri

89 3724 129 3768 cst
142 3716 332 3782 anapaesticum
344 3716 557 3772 ctPindaricum.
570 3719 767 3788 anapesttcnm
781 3722 870 3786 apede

89 3803 198 3867 dictum,
209 3805 333 3873 qnoniam
346 3806 389 3859 ille
404 3808 439 3860 sit
452 3807 477 3861 ei
490 3821 537 3875 pes
549 3808 684 3876 legitimus
699 3826 705 3859 ε
720 3810 816 3878 recipit
828 3818 869 3862 ta·

525 332 713 388 llUllllELLll
733 336 776 389 Ul
794 333 975 391 AGlthllLAE
993 336 1247 393 tabuttii'tnttla.

1656 346 1706 400 dot

886 453 981 510 Anern
993 453 1036 520 qui
1046 454 1072 504 in
1086 455 1146 506 cteio
1162 463 1207 515 eet,
1229 453 1305 505 etium
1319 452 1345 504 in
1355 460 1448 504 terreor
1461 455 1540 507 mitte.
1558 455 1704 510 lementa.

910 527 918 546 ⁰
959 541 1101 611 Conditor]
1116 542 1238 595 Condere
1253 540 1411 609 quandoque
1424 540 1511 597 lacere
1525 543 1665 612 significat,
1677 556 1705 600 ot

924 627 977 694 bic,
990 637 1016 682 ct
1033 629 1103 699 llirg.
1119 630 1144 682 itt
1157 629 1266 684 boeot:

1198 719 1277 768 Pallas
1287 731 1348 781 quas
1359 719 1465 769 condidit
1477 720 1562 782 urbes,

1016 779 1068 841 lpsa
1079 780 1150 829 colat.

923 862 1087 932 Quandoque
1100 862 1230 930 significat
1242 863 1416 928 abscondere,
1429 864 1467 917 sic
1481 862 1549 917 inlra
1561 864 1668 919 dicitur.

1104 950 1196 1001 Condat
1207 954 1291 1002 stellas
1301 956 1354 1003 'ona
1367 956 1481 1003 minores.

923 1034 1033 1104 Proprie
1043 1050 1108 1089 vero
1125 1035 1254 1104 signiticat
1267 1050 1412 1105 congerere
1426 1044 1472 1089 ant
1485 1034 1624 1104 coll'gere.
1650 1032 1701 1089 lle·

921 1134 973 1179 rat.
987 1127 1012 1178 in
1024 1140 1032 1179 t
1042 1124 1149 1180 carm:

1013 1213 1082 1264 lllum
1094 1218 1114 1264 si
1127 1219 1224 1278 proprie
1236 1215 1341 1266 condidit
1352 1217 1440 1266 lterreo
1452 1231 1457 1262 :

919 1307 947 1351 ct
962 1297 1030 1351 idem
1042 1299 1163 1365 inprime
1175 1297 1351 1368 Epistolarnm
1367 1316 1373 1350 :

981 1407 1062 1458 teudo
1075 1416 1100 1456 et
1109 1416 1234 1469 compone,
1247 1421 1301 1469 quae
1313 1420 1367 1456 mex
1376 1407 1522 1469 depromere
1535 1407 1631 1469 possim.

919 1510 1062 1565 denteonn.

956 1600 1030 1656 Orlie
1045 1602 1054 1673 ]
1071 1602 1169 1657 Dicitur
1179 1602 1204 1657 id
1214 1604 1284 1673 quod
1299 1604 1466 1673 undiquaque
1486 1604 1628 1658 rotundum
1643 1614 1695 1671 est,

919 1691 1081 1758 quodetiam
1096 1691 1202 1762 globum
1218 1694 1341 1747 dicimus.
1361 1693 1437 1748 Unde
1447 1701 1474 1748 et
1491 1694 1619 1748 mundum
1636 1710 1699 1762 pro·

882 1808 905 1865 B
921 1794 979 1850 pter
993 1783 1180 1838 rotunditatem
1192 1784 1285 1839 orbem
1294 1798 1429 1849 vocamus,
1442 1783 1467 1838 id
1481 1791 1522 1839 est
1534 1784 1603 1852 quod
1613 1783 1699 1852 spbae·

919 1889 974 1926 ram
991 1883 1094 1928 vocant.
1113 1876 1256 1929 lenrcetn.

955 1963 1039 2017 Nimis
1050 1963 1060 2035 ]
1071 1964 1149 2018 idest
1161 1965 1291 2028 firmatus,
1307 1967 1347 2020 rel
1358 1967 1494 2021 insistens.
1507 1965 1662 2032 Quintilian.
1673 1964 1700 2020 in

918 2052 999 2107 llilite
1009 2053 1127 2107 llariano
1143 2053 1193 2108 :Ut
1207 2057 1285 2108 vitam
1297 2071 1365 2124 genu
1376 2057 1453 2109 nixus
1465 2064 1545 2122 petat.
1554 2057 1699 2109 bantcotn.

954 2143 1050 2214 Solio]
1066 2144 1178 2212 Solium,
1194 2148 1263 2216 regia
1277 2147 1354 2202 sella.
1369 2145 1444 2201 Unde
1454 2146 1556 2201 Seneca
1569 2143 1595 2198 in
1608 2143 1653 2198 lib.
1667 2142 1700 2197 da

918 2232 1632 2305 Tranquillitate,signiltcaasmutabilitatemiortunte:
1645 2231 1714 2295 llo,

918 2333 1048 2388 mentum,
1061 2327 1157 2393 inquit,
1170 2327 1278 2380 interest
1296 2324 1478 2388 interselium,
1489 2323 1514 2377 id
1527 2332 1697 2392 estregnum.

918 2424 944 2467 ct
959 2414 1045 2468 aliena
1068 2429 1169 2484 genua,
1191 2415 1215 2468 id
1231 2427 1269 2470 cst
1285 2416 1473 2485 captivitatem.
1496 2414 1606 2470 Veteres
1620 2414 1700 2470 etiam

918 2519 963 2558 ras
973 2505 1105 2575 quoddam
1129 2506 1367 2560 soliomtocabaot
1389 2506 1415 2559 in
1434 2505 1539 2571 balneo,
1565 2504 1635 2572 quod
1650 2504 1700 2557 im·

918 2596 1037 2664 plcitatnr
1051 2613 1129 2674 aqua,
1145 2599 1171 2652 in
1185 2614 1236 2665 quo
1248 2598 1366 2653 lavantes
1380 2596 1517 2664 sedebant,
1531 2606 1559 2652 et
1571 2605 1601 2652 se
1610 2596 1699 2651 ablue·

919 2688 991 2742 bant.
1006 2688 1151 2744 donicata.

953 2776 1049 2831 Colunt
1064 2775 1135 2847 latit
1149 2777 1225 2846 quasi
1239 2778 1376 2842 celatum,
1401 2777 1426 2831 iil
1440 2785 1482 2831 est
1496 2775 1625 2843 scalmum
1640 2789 1698 2844 pre

920 2879 978 2937 pter
987 2869 1073 2923 varias
1089 2869 1226 2924 stellarum
1250 2867 1275 2921 in
1287 2869 1378 2937 aglaes
1397 2866 1615 2921 arbitrabantur:
1632 2864 1700 2921 unde

920 2969 946 3013 ct
957 2959 1071 3012 mundus
1084 2961 1117 3012 ab
1132 2967 1227 3013 ornatu
1242 2957 1329 3011 dictus
1340 2957 1443 3011 aldctur
1456 2973 1461 3008 :
1477 2953 1700 3024 quemadmodum

918 3047 987 3117 apud
1000 3045 1107 3103 Graecos
1122 3050 1201 3103 etiarn
1216 3049 1320 3117 κόσμος,
1333 3046 1358 3098 id
1375 3054 1416 3098 eet
1428 3043 1551 3108 mundus,
1564 3043 1598 3096 ab
1605 3052 1700 3100 ornatu

1052 3139 1094 3192 alii
1109 3139 1205 3193 coelnm
1216 3139 1249 3192 ait
1260 3153 1293 3193 ee
1305 3137 1375 3205 qued
1389 3137 1481 3192 Graece
1495 3136 1592 3190 dicitur
1606 3138 1699 3201 κοῖλον,

922 3233 947 3285 id
964 3240 1005 3286 est
1020 3245 1124 3284 cavum.
1145 3229 1172 3282 Si
1192 3230 1304 3296 primam
1325 3229 1446 3294 dicatur,
1463 3227 1631 3283 scribendum
1650 3228 1701 3281 erit

921 3338 968 3389 pcr
982 3338 1004 3374 rr
1019 3320 1227 3389 diplrtlmngum;
1244 3318 1266 3372 si
1281 3319 1491 3387 setttodum,per
1505 3334 1536 3371 ae.
1555 3317 1619 3370 Nam
1633 3317 1702 3385 quod

920 3415 1013 3481 nnlgus
1029 3412 1091 3466 dicit
1102 3411 1198 3466 coelttm
1213 3411 1287 3480 qnasi
1307 3424 1394 3465 casam
1421 3411 1506 3475 aiilon,
1523 3409 1606 3463 idest
1624 3410 1700 3476 selis,

921 3506 1038 3572 ineptum
1053 3513 1105 3567 est,
1121 3505 1191 3557 sicut
1204 3503 1286 3557 inulta
1302 3501 1478 3556 indoctorum.
1493 3500 1637 3556 Aentcona.

956 3593 1093 3664 Turbine]
1118 3593 1144 3647 ld
1160 3602 1202 3648 est
1218 3595 1315 3662 impetn
1331 3593 1371 3648 rel
1384 3601 1475 3661 raptu,
1490 3607 1505 3645 a
1521 3591 1651 3644 turbando
1662 3589 1703 3643 di-

835 3701 837 3705 ‘
921 3687 998 3739 citur.
1012 3685 1086 3741 Unde
1099 3684 1190 3750 llitqil.
1206 3684 1231 3737 in
1248 3699 1255 3736 t
1270 3682 1378 3737 AEncid.
1394 3700 1400 3733 ε

1213 3795 1241 3843 Ut
1252 3798 1331 3843 terras
1344 3793 1441 3842 turbiue
1453 3790 1566 3852 perdant.

90 3903 188 3949 menet
202 3895 348 3963 spoodcttm
359 3898 540 3970 ctdactylnm.
558 3901 745 3955 Pindaricuma
756 3902 870 3956 Pindaro
923 3899 1037 3954 locatur
1052 3897 1131 3951 etiam
1154 3896 1247 3954 turbo.
1270 3894 1341 3962 ll¹¹0<¹
1365 3894 1449 3948 G‘ffl
1462 3895 1564 3970 fl⁶lt⁰¹⁴
1580 3905 1628 3944 ¹¹⁰⁵
1644 3890 1704 3946 ³⁰¹¹*

90 3995 198 4041 auctore
209 3987 265 4055 ejus
279 3988 385 4043 dicitur.
413 3991 481 4044 Uicit
492 4006 574 4060 ergo:
592 3992 759 4060 eberingen·
770 3995 796 4047 in
808 3996 871 4048 coela
922 3986 1174 4055 assumptonotnine
1190 3985 1311 4039 boillum
1333 3985 1618 4058 vocamus,aepr'gn,
1634 3984 1704 4051 ‘1¹¹⁰‘¹

91 4074 215 4140 inlitam,
229 4080 350 4131 conuertit
360 4079 426 4132 illud
437 4080 516 4133 veloci
531 4097 617 4147 curin,
633 4093 657 4136 et
672 4084 736 4153 [ocis
753 4095 781 4138 ιιι
791 4087 871 4139 etellrr
923 4089 965 4133 est
985 4092 1074 4140 curro,
1090 4077 1124 4131 eb
1138 4075 1258 4132 eamdem
1279 4088 1398 4139 causam,
1416 4073 1478 4143 quia
1494 4073 1610 4136 turbine,
1625 4073 1650 4126 id
1665 4081 1707 4126 est

92 4183 185 4238 semper
199 4171 311 4222 ordinem
323 4188 397 4224 enom
408 4181 522 4239 servent,
546 4183 569 4227 er
585 4175 646 4228 tuna
666 4177 741 4245 plena
756 4180 871 4246 opposita
923 4172 1033 4240 impetu,
1042 4170 1134 4223 currit.
1147 4168 1279 4223 Turbonis
1289 4176 1376 4220 autem
1387 4182 1484 4222 nornen
1500 4177 1556 4222 erat
1570 4166 1707 4237 proprium

90 4259 146 4318 roll,
162 4261 256 4313 lumine
268 4279 313 4315 eno
328 4263 580 4334 abscondotreliquoe
591 4268 679 4325 stellas
690 4286 699 4322 .·
711 4286 778 4322 tinne
790 4271 873 4324 uicina
924 4260 1242 4328 llllllsdlffl'lllldllm·
1259 4263 1403 4313 Asslffiffl·

92 4362 181 4400 rursus
195 4350 252 4412 eoli,
266 4351 354 4419 perdet
365 4353 543 4406 lamentatum.
557 4354 601 4409 Sic
611 4357 673 4426 locis
689 4359 765 4411 etiam
775 4366 802 4411 nl
818 4359 872 4412 lle-
961 4351 1054 4419 latrem
1065 4349 1077 4421 l
1089 4350 1142 4404 Le!
1157 4349 1227 4403 dicia
1243 4359 1284 4403 ιιι
1298 4364 1312 4401 a
1327 4349 1456 4418 legendi),
1469 4350 1531 4417 qnia
1547 4350 1706 4418 praelegeba-

91 4452 181 4505 apertrs
195 4443 249 4505 jorn
268 4450 324 4509 port
337 4443 490 4496 occidentem
503 4443 582 4496 solent
596 4446 688 4509 luceat,
705 4449 762 4517 jorn
776 4458 871 4501 mutato
926 4454 967 4496 tttr
978 4442 1011 4495 ad
1024 4440 1166 4509 populum:
1179 4439 1275 4494 deinde
1291 4440 1384 4492 consol
1396 4439 1549 4509 interrogab
1568 4441 1706 4501 t,rellent

92 4528 194 4580 nomine
208 4526 309 4597 Lucifer
330 4530 446 4595 dicotur,
457 4540 481 4583 et
492 4533 613 4585 orientem
634 4536 712 4587 solem
723 4537 870 4599 praecedet:
886 4520 1083 4600 Diebercntne
1097 4532 1123 4585 id
1146 4532 1181 4584 ita
1192 4531 1247 4584 lieri
1262 4545 1268 4590 ;
1285 4529 1354 4596 qnod
1379 4530 1400 4580 si
1415 4530 1528 4596 populns
1551 4529 1707 4596 allirmaret,

90 4624 211 4682 preterea
225 4616 306 4671 bieme
320 4621 403 4672 irenen
417 4619 471 4672 dier
481 4623 556 4691 loris,
572 4631 658 4674 testate
678 4623 760 4676 breues
776 4636 870 4680 noctes.
927 4624 969 4677 lex
982 4622 1060 4677 liebat
1077 4638 1082 4673 :
1104 4620 1174 4689 quod
1192 4621 1277 4687 ipsum
1293 4621 1314 4671 si
1327 4618 1544 4685 tribunusplebis
1557 4617 1667 4685 laceret,
1683 4619 1708 4673 id

91 4701 118 4754 N
120 4718 147 4755 ec
158 4703 239 4756 solent
250 4706 286 4758 nir
297 4715 341 4759 tna
351 4708 439 4760 coelttm
452 4711 568 4762 ordittem
579 4719 662 4763 tencre
674 4714 751 4780 cogit,
763 4714 809 4766 scd
822 4724 873 4767 ter·
927 4728 1031 4783 queque
1049 4712 1186 4766 decretum
1202 4720 1278 4775 erat,
1306 4710 1471 4778 plebiscitum
1496 4709 1631 4764 dicebatur
1645 4727 1652 4762 t
1668 4711 1710 4766 ltin

90 4809 133 4846 rm
145 4794 218 4847 etiem
233 4797 310 4848 simili
325 4799 423 4851 ratione
437 4801 512 4870 regit,
533 4807 561 4851 nt
575 4800 677 4868 [rondes
690 4810 812 4855 autumno
830 4804 874 4857 de·
928 4813 1016 4858 autem
1032 4802 1073 4856 lert
1098 4816 1146 4871 per
1160 4802 1362 4856 translationem
1386 4802 1496 4869 ligurate
1513 4816 1560 4870 pro
1580 4808 1654 4855 certo
1668 4813 1711 4854 or·

90 4886 211 4951 ridentes,
226 4903 283 4941 uere
295 4901 471 4954 renascentur,
492 4903 514 4944 et
526 4907 583 4960 qnte
598 4904 715 4945 teruntur
730 4895 821 4956 ltietne,
836 4912 873 4949 oe·
928 4893 990 4946 dine
1003 4891 1142 4958 accipitur.
1157 4891 1302 4946 Aentcotn.

91 4985 156 5030 stote
168 4986 348 5032 maturescunt.
364 4981 395 5033 ιιι
407 4997 464 5033 cunt
478 4983 531 5035 ιιι
543 4992 594 5034 tam
604 4999 673 5036 certo
681 5000 758 5038 cursu
769 4985 875 5056 dirigat,

91 5067 147 5118 solo
164 5083 240 5136 opera
252 5069 383 5124 leontinum
403 5073 526 5142 permittit
539 5090 635 5127 errore.
660 5074 732 5128 Unde
746 5078 813 5130 enim
827 5079 875 5132 niti

91 5155 118 5207 id
133 5156 251 5224 iteraret,
268 5168 338 5213 tonia
350 5160 386 5215 ait
400 5162 525 5230 portante,
540 5173 568 5215 ut
581 5179 611 5215 cn
623 5180 690 5218 nutat
704 5166 813 5232 iniustae
824 5184 877 5236 pte·

94 5259 141 5296 noe
155 5245 329 5302 innocentibus
345 5249 482 5318 inlliqeret,
498 5260 585 5304 contro
602 5267 662 5305 uero
675 5254 757 5306 molor
771 5255 879 5309 extolle·

91 5336 151 5387 ret?
173 5334 319 5408 Negligitur
339 5350 361 5392 et
384 5341 552 5393 contemnitur
568 5342 663 5409 airtua,
686 5353 709 5396 et
731 5355 877 5410 accusarer,

90 5423 167 5477 malis
179 5435 264 5479 entem
277 5425 345 5479 orale
353 5428 448 5482 scelere
460 5445 511 5481 nen
521 5441 613 5484 nocent
624 5445 633 5483 .·
644 5434 704 5501 quin
716 5433 880 5503 ctiomqttnn·

91 5512 127 5566 tle
141 5512 222 5582 ploret
233 5520 354 5586 fortune,
367 5518 533 5588 potentissimi
546 5536 616 5590 repes
630 5519 782 5588 subduntur,
799 5532 822 5575 et
831 5539 877 5593 op·

91 5603 246 5670 primuntrtr.
265 5603 334 5676 Urgo
352 5608 445 5672 etiam,
457 5623 472 5659 ι
482 5606 561 5672 Deus,
573 5625 631 5679 repe
645 5610 721 5664 etinnt
736 5626 777 5664 rer
792 5614 877 5667 lonti-

92 5705 164 5761 ntor,
175 5710 231 5762 qnoe
242 5704 300 5749 tunt
315 5713 377 5764 pora
391 5696 478 5750 tnttndi
493 5713 541 5750 nen
559 5698 754 5766 contemnendo,
766 5711 790 5753 ιι
806 5703 874 5755 ordi·

967 4981 1048 5034 Pleno
1059 4979 1158 5051 consul
1184 4983 1210 5035 ld
1224 4992 1265 5036 est
1287 4982 1402 5048 impletis
1424 4982 1568 5047 cornibus,
1592 4983 1662 5051 qnod
1686 4984 1712 5039 itt

931 5071 1078 5139 plenilunio
1094 5073 1133 5139 lit,
1148 5085 1209 5125 cum
1224 5071 1293 5124 enirn
1310 5073 1432 5141 oppoita
1445 5084 1487 5126 cst
1504 5073 1565 5138 seli,
1578 5083 1641 5127 tuoe
1653 5087 1713 5142 pars

931 5161 990 5229 ejus
1003 5175 1062 5230 quae
1076 5160 1161 5214 estad
1176 5174 1225 5215 nes
1236 5175 1325 5227 versa,
1354 5169 1437 5215 tetaa
1460 5161 1516 5217 nole
1539 5162 1713 5217 illnminatur.

931 5252 989 5306 llon
1001 5254 1074 5306 enim
1088 5266 1121 5306 ex
1136 5266 1165 5306 se
1180 5252 1240 5307 luna
1256 5268 1270 5306 a
1285 5253 1342 5307 sole
1357 5253 1450 5307 illustr.
1463 5259 1504 5314 ta,
1522 5252 1610 5306 lumen
1623 5250 1713 5315 babet,

933 5344 1058 5414 sedqued
1072 5345 1266 5415 ileriridemus,
1274 5356 1303 5402 ut
1313 5361 1376 5402 rasa
1383 5346 1464 5415 polita
1476 5355 1613 5416 acceptum
1625 5345 1715 5401 lumen

933 5434 1077 5489 relundant
1092 5453 1099 5488 :
1115 5436 1154 5490 sic
1170 5437 1231 5491 luna
1245 5451 1260 5491 a
1275 5437 1331 5491 sole
1346 5437 1492 5497 illustrata,
1515 5435 1601 5489 lumen
1617 5433 1716 5488 reddit.

934 5525 1009 5582 Unde
1022 5541 1082 5581 curn
1097 5543 1189 5583 mrsns
1203 5528 1237 5583 ad
1251 5530 1335 5584 soleto
1350 5527 1464 5592 accedit,
1479 5535 1566 5594 partes
1580 5540 1682 5581 aversae
1701 5540 1717 5581 a

933 5615 1009 5669 nnbis
1024 5617 1158 5684 accipiant
1183 5617 1290 5682 lumen,
1309 5617 1504 5687 quodpropter
1528 5614 1717 5669 rotunditatem

932 5706 988 5769 ejas
997 5705 1386 5765 'natrlatitntidctnrextenuari
1402 5707 1428 5760 in
1443 5719 1554 5761 cornua.
1570 5708 1704 5762 bentcott
