3906 6180
252 342 303 398 503

806 323 942 382 ENNbbtt
963 320 1115 379 tlctstbtt
1135 318 1323 377 'ttdtuENstS

1822 315 1873 369 tat

252 458 309 511 ”¹⁰⁸
331 452 449 508 ¹¹⁰¹¹s¹¹³¹
474 448 500 503 in
521 445 616 517 ‘imbus
631 439 793 496 d⁰m²⁶¹¹¹¹¹¹¹¹
808 453 886 493 ³¹¹¹¹¹¹¹
903 454 961 494 ⁶⁵⁵²
977 438 1036 492 ‘⁰³¹⁵
1055 443 1074 497 Α
1092 460 1210 529 perditus
1227 459 1307 522 lilius,
1322 464 1460 525 postquam
1475 454 1578 508 necarit
1594 460 1706 521 patrem,
1723 452 1875 520 op²niouern

251 546 383 600 habitator
397 539 558 600 ostenderit,
580 546 648 603 quos
662 530 778 599 nrajores
803 545 862 584 esse
887 530 1037 583 bominibus

252 635 376 690 autberius
391 631 402 685 f
408 647 464 683 nuru
478 643 524 681 sua
538 627 596 679 luce
612 621 766 691 signauerit.
781 619 873 674 lmlicit
888 635 979 674 eorum
997 636 1039 673 re«

253 724 397 780 serentium
426 734 492 788 quos
525 715 632 785 agnosci
655 715 748 766 volrrnt
772 713 860 765 rliuina
888 711 1036 779 porttiliees.

253 820 371 872 Vidimus
383 814 493 867 miseros
505 825 570 879 quos
585 817 672 862 tuetur
698 808 747 860 iste
762 805 832 859 inter
847 802 948 856 favillas
959 803 1038 869 lapsae

252 909 326 964 urbis
340 908 374 960 de
387 904 442 960 sola
463 908 648 967 exspectantes
662 896 851 951 lamentatione
870 894 1036 963 pras'dium,

251 1010 289 1064 et,
307 998 372 1053 nibil
394 996 521 1050 babentes
538 992 641 1045 fiduciae
656 990 688 1044 de
705 987 852 1057 proposito,
869 985 937 1037 inter
949 983 1039 1036 turbas

252 1090 403 1158 captivitate
427 1100 534 1155 pressas
557 1096 656 1138 errare.
686 1080 743 1133 Non
774 1077 826 1132 illis
853 1085 910 1130 erat
935 1073 1039 1127 divinus

253 1184 379 1252 splendor
394 1182 419 1234 in
434 1178 566 1239 vultibus,
584 1189 634 1227 non
647 1187 707 1240 quse
720 1169 836 1223 officium
853 1168 988 1220 nuntiaret
1001 1164 1040 1217 bi·

254 1278 355 1332 laritas.
381 1273 506 1328 Nesciunt
529 1270 598 1321 inter
620 1264 732 1318 adversa
756 1259 871 1325 turbari,
895 1256 990 1325 quibus
1014 1255 1039 1307 iu

255 1367 344 1423 sacrati
359 1360 561 1431 tempestatibus
576 1358 608 1412 de
623 1352 757 1410 innocenti
772 1350 933 1405 conscicntia
950 1357 1041 1414 portus

254 1459 381 1515 occurrit.
398 1453 518 1507 Vidimus
534 1449 685 1503 :itutcaares
706 1444 811 1499 ceteris
832 1440 1038 1509 trepidantibus,

256 1550 351 1621 quibus
366 1546 433 1602 nuda
449 1544 554 1598 uomina
575 1541 617 1594 ler
641 1536 749 1593 ridentia
765 1534 895 1589 coneedit,
912 1531 977 1598 Quis
996 1546 1041 1583 re·

254 1642 354 1697 mansit
368 1640 440 1694 lorus
461 1631 622 1696 inmeritis,
644 1631 665 1682 si
682 1634 876 1682 sacramentum
899 1623 968 1676 istud
983 1621 1041 1675 solo

256 1742 339 1791 restat
351 1733 377 1787 in
391 1729 484 1785 titulo?
500 1727 554 1780 bici
565 1721 649 1778 cretio
661 1719 747 1783 aliud,
769 1717 837 1772 aliud
852 1731 912 1770 esse
933 1714 1038 1782 pontiti-

1090 553 1182 604 matris
1195 549 1331 603 etintendit
1342 547 1512 616 exstinguere
1526 563 1531 597 :
1550 546 1643 599 duleus
1656 545 1725 613 quod
1741 545 1874 598 suasimus

1078 644 1241 710 pugionem,
1255 641 1309 694 telo
1324 641 1419 693 famam
1437 638 1596 707 insequitur,
1612 638 1653 689 cui
1670 653 1716 703 prrr
1731 651 1813 690 serus
1830 651 1876 688 te·

1089 733 1213 786 recnndia
1230 732 1287 799 plus
1298 734 1432 783 tunsurus.
1446 728 1498 781 Nos
1510 737 1615 795 ruptruu
1631 727 1707 795 patri,
1728 741 1776 779 nos
1791 726 1876 779 scelo-

1091 825 1138 877 rati
1162 825 1211 878 iter
1225 822 1401 877 ostendimus.
1421 819 1469 874 llle
1484 829 1575 872 cursura
1589 818 1669 871 acrba
1685 832 1736 870 nrm
1752 818 1874 884 qroeraitet.

1091 918 1128 971 Ne
1147 916 1215 980 qnod
1237 915 1313 969 nobis
1333 915 1412 966 lirltnn
1431 913 1550 965 rideatur
1564 909 1703 964 exstitisse
1728 908 1875 962 subsidium

1090 1009 1122 1060 ad
1137 1007 1293 1062 seutcruium
1306 1021 1381 1059 suam
1398 1002 1477 1058 traxit
1493 1002 1632 1071 parridum
1650 1013 1780 1064 nostrum,
1796 1016 1876 1069 quem

1092 1099 1142 1152 fuci
1171 1099 1289 1152 nescium
1318 1095 1444 1148 substrata
1471 1093 1614 1145 verborum
1640 1102 1697 1145 arte
1724 1091 1876 1154 subuertit,

1091 1187 1190 1241 faciens
1203 1196 1230 1239 et
1241 1187 1314 1240 illum
1330 1185 1433 1253 perire,
1451 1183 1495 1251 qui
1513 1181 1620 1250 putabat
1640 1196 1653 1233 r
1670 1194 1729 1232 esse
1744 1179 1875 1232 residuus.

1091 1278 1159 1346 Quid
1181 1275 1322 1347 prestigiis
1343 1274 1440 1328 arridani
1459 1272 1598 1325 desideras
1620 1270 1709 1322 velare
1730 1267 1877 1336 iustitiam?

1093 1368 1256 1424 necodiosus
1264 1365 1475 1434 parcerepotuit,
1484 1377 1532 1416 nec
1540 1377 1619 1430 quem
1629 1360 1749 1413 rarerrtiris
1761 1373 1877 1423 amasse,

1094 1469 1243 1530 percutere.
1257 1457 1380 1527 Nunquid
1395 1455 1559 1524 argumentis
1572 1467 1638 1520 opus
1653 1458 1705 1515 est,
1721 1450 1764 1502 nbi
1780 1449 1878 1504 factum

1092 1567 1170 1607 soum
1188 1551 1293 1621 propria
1308 1563 1372 1602 voce
1386 1546 1486 1601 veritas
1504 1544 1636 1599 testatur?
1652 1541 1788 1611 perdidisti
1805 1554 1878 1607 spem
1936 1540 1938 1544 ’

1093 1641 1266 1708 defensionis,
1275 1653 1334 1693 cum
1347 1637 1482 1708 genitricis
1494 1634 1564 1688 ferro
1573 1633 1690 1687 niembra
1703 1630 1878 1685 describeres,

1094 1733 1146 1788 Sed
1162 1733 1223 1786 lieet
1237 1735 1393 1798 procuratur
1407 1726 1538 1780 formosus
1554 1733 1580 1779 et
1591 1724 1698 1784 nitidus,
1710 1736 1758 1775 nus
1773 1721 1804 1774 ad
1824 1719 1878 1774 lune

256 1841 326 1883 cem.
341 1823 399 1877 llidi
414 1834 484 1887 saepe
496 1806 705 1871 anreeoatairas
720 1809 827 1879 jejuniis
847 1805 1040 1860 faeiesdirecta
1057 1793 1078 1851 b
1095 1819 1258 1893 invidenda
1272 1820 1364 1874 oculos
1379 1833 1429 1870 „on
1447 1816 1586 1869 hahemus·

257 1920 283 1973 in
299 1915 418 1986 jugulum
436 1910 486 1964 teia
507 1905 655 1970 cecidisse,
675 1912 701 1957 et
715 1913 820 1956 retusos
842 1899 875 1952 ab
897 1895 1043 1951 inermibus

240 2008 359 2080 gladios
374 2005 504 2073 rigentem
524 1996 671 2069 perdidisse
687 2002 818 2047 naturam.
835 1990 861 2044 Si
880 1987 988 2043 creditis
1003 2001 1044 2041 re·

259 2098 349 2168 ligssosa
375 2095 496 2151 dietrrro,
520 2105 573 2144 non
595 2088 643 2140 fuit
667 2084 824 2152 templorum
846 2079 976 2142 minister,
999 2078 1043 2145 qui

258 2188 329 2244 iuter
348 2183 475 2254 qualibet
488 2178 641 2234 discrimina
660 2175 776 2228 lrntnano
791 2180 850 2240 eget
864 2168 970 2222 auxilio.
989 2166 1045 2220 Scit

259 2291 399 2347 supremus
417 2273 516 2327 arbiter
532 2267 727 2338 possessionem
748 2276 821 2315 suam
845 2274 912 2312 nora
928 2260 986 2312 luce
1000 2271 1045 2311 re-

259 2371 335 2425 stire.
352 2367 409 2421 Non
424 2365 488 2417 latet
508 2360 624 2414 roelestis
640 2357 683 2409 illa
705 2354 859 2423 peru.i.=tio;
876 2360 903 2404 et
925 2350 1045 2417 quamuis

260 2460 383 2515 humanae
399 2452 547 2521 fragilitatis
560 2449 648 2502 tunica
661 2448 797 2511 vestiatur,
812 2442 960 2511 effulgorat.
976 2440 1044 2506 Quid

259 2549 330 2621 quod
342 2547 390 2616 ipsi
406 2542 489 2615 parati
503 2541 534 2595 ad
551 2537 730 2593 famulandum
742 2536 858 2598 veniunt,
874 2532 918 2602 qui
933 2531 1001 2585 trabi
1012 2532 1045 2585 ad

261 2641 368 2696 seruitia
381 2652 432 2692 non
447 2632 602 2690 urerentur?
618 2632 671 2684 flac
685 2628 852 2683 extremitate
865 2626 910 2695 qui
923 2627 1046 2694 indignus

261 2740 318 2799 est,
341 2744 393 2783 non
408 2724 531 2782 rebellat.
547 2723 696 2777 Occurrrrut
716 2719 748 2773 ad
764 2718 908 2785 obsequia,
932 2729 1045 2785 quormn

261 2836 337 2876 mens
350 2828 392 2874 est
402 2818 479 2885 digna
492 2811 652 2871 culminibus
666 2829 673 2877 ;
690 2821 715 2864 et
736 2808 910 2878 pervicaciam
928 2806 1046 2860 mortali·

261 2913 323 2966 tatis
344 2908 497 2972 eliminant,
520 2920 586 2974 quos
609 2903 682 2958 nefas
701 2911 743 2957 est
764 2901 798 2953 ad
819 2900 958 2953 inhonesta
980 2912 1046 2951 ean·

257 3004 364 3072 stringi.
385 3000 430 3055 lsti
448 2999 484 3053 tui
500 2995 633 3066 pericula,
650 2994 671 3049 si
686 3007 852 3062 nequaquam
868 2989 967 3044 absolvi
991 3003 1047 3042 me·

260 3102 380 3162 reantur,
390 3089 544 3146 intendunt.
557 3087 614 3141 Non
628 3094 738 3155 possunt
749 3082 868 3136 subtrahi
883 3077 1043 3146 bominibus,

259 3199 326 3256 quos
341 3198 394 3237 non
419 3178 592 3248 intelligimus
613 3175 753 3246 quidquam
768 3173 881 3240 amplius
898 3171 995 3224 babere
1012 3157 1080 3223 deC

260 3274 422 3331 bominibus.
446 3269 540 3324 lus-are
560 3282 619 3333 me,
635 3266 714 3333 socii,
734 3265 827 3333 iuvate
845 3271 1003 3316 consortes:
1020 3267 1047 3314 et

259 3362 443 3436 garrulitatem
473 3354 666 3427 impugnatoris
689 3355 742 3407 mei
769 3353 912 3406 ausiliante
936 3350 1047 3404 veritate

255 3453 437 3523 comprimite.
451 3450 543 3520 agitur
559 3461 601 3502 res
627 3446 660 3500 de
672 3460 721 3515 qua
734 3442 795 3514 quid
810 3441 924 3497 senserit
936 3454 1048 3509 supero-

258 3563 320 3602 rum
335 3543 466 3599 sententia
489 3540 544 3609 iarn
561 3548 691 3592 tenemus.
716 3534 879 3589 dddicantur
904 3531 1046 3597 immeriti,

258 3648 289 3691 ιιι
313 3638 398 3691 bonos
425 3632 558 3702 possimus
584 3627 681 3682 babere
706 3624 848 3679 antistites.
876 3623 1047 3678 instituantur

261 3742 307 3795 per
328 3727 394 3780 istos
424 3736 490 3793 quos
509 3734 572 3775 snos
589 3731 651 3774 esse
679 3729 731 3770 non
758 3713 924 3768 conciliatrix
940 3712 1047 3775 fabula,

260 3832 312 3873 noa
337 3816 437 3871 ineerta
461 3811 597 3878 defensio,
621 3808 668 3864 aed
692 3808 749 3878 ipse
770 3806 866 3860 summi
890 3804 937 3858 bei
962 3802 1048 3872 fulgor

260 3907 388 3963 enuntiet.

234 4073 235 4076 Ἴ
543 3988 653 4045 blatto
671 3986 764 4043 Xlllll.

280 4092 288 4121 ¹
312 4087 344 4143 fn
360 4086 521 4151 abdicatam,
537 4083 592 4152 qui,
616 4089 688 4150 patre
711 4087 807 4142 necata,
832 4077 908 4130 ruatri
931 4089 1030 4144 quoque

564 4170 743 4225 insidiabatur.

489 4277 685 4321 conrnorsnsn
705 4274 813 4316 prorui.

213 4354 216 4359 ’
294 4364 448 4432 Postquam,
457 4356 570 4426 judices,
584 4353 720 4408 abdicatus
733 4351 814 4418 filius,
828 4348 854 4402 in
866 4347 930 4416 justi
941 4360 1049 4402 ersccu-

261 4458 359 4512 tionem
370 4450 478 4510 doloris.
492 4450 574 4516 patris
586 4446 694 4511 factum,
706 4443 800 4498 matris
811 4455 981 4506 consensum,
991 4438 1046 4509 gla-

260 4546 304 4602 dio
316 4542 472 4609 vindicant,
494 4539 602 4593 turbare
620 4551 651 4591 se
666 4535 779 4589 estimat
800 4532 977 4586 innocentiam
1000 4543 1045 4584 co·

260 4638 439 4710 gnitarum,et
447 4630 543 4702 aliquid
552 4627 586 4683 (le
595 4625 728 4681 manifesti
740 4623 866 4679 facinoris
879 4621 1046 4674 absolutione

260 4728 411 4797 subripere.
435 4722 573 4779 Nescimus
594 4733 653 4788 quaa
678 4717 704 4772 in
727 4715 882 4771 defensione
905 4713 945 4767 sui
966 4710 1045 4767 reba

260 4817 443 4875 commentitia
458 4814 606 4870 sceleratus
627 4807 759 4874 inueniat,
783 4806 816 4859 ad
830 4803 903 4873 cujus
920 4817 968 4858 nos
983 4816 1046 4857 con·

260 4909 416 4964 futatioaem
435 4905 531 4961 vulnus
553 4899 730 4957 ostendimus.
754 4896 821 4950 Nolo
842 4895 1046 4963 perseuerantiae

296 5045 304 5073 ¹
319 5042 351 5095 fn
364 5037 518 5108 abdicatam]
533 5036 622 5092 Titulo
633 5039 706 5088 caret
716 5034 741 5085 ia
753 5029 857 5085 daubin
867 5028 1002 5098 antiquis:
1018 5027 1044 5084 iu

261 5117 350 5176 tertii»,
365 5110 409 5178 qui
422 5111 553 5162 recentior
566 5115 616 5171 est,
629 5103 781 5158 inscribitur
794 5119 799 5153 :
813 5099 971 5154 triturabunt
980 5099 1045 5152 vre-

260 5194 333 5247 stem,
345 5181 387 5249 qai
398 5179 488 5230 oceidit
502 5175 710 5244 clytemnestram
722 5181 838 5225 matrem.
851 5169 903 5224 Sed
919 5170 1045 5237 deceptus

260 5264 298 5309 est
311 5249 431 5320 quisquis
443 5246 521 5309 liuius
532 5245 712 5310 inscriptionis
722 5240 1045 5305 auctorfau,arguaaenti

260 5320 446 5380 similitudine.
466 5316 534 5368 'Nam
550 5313 659 5367 Orestes
674 5321 783 5366 matrem
802 5310 913 5372 occidit,
930 5323 982 5361 uon
997 5323 1044 5373 pa·

260 5405 327 5448 trem
343 5411 348 5444 :
366 5389 408 5443 bic
418 5396 505 5440 autem
520 5394 620 5452 patrem
633 5383 746 5448 siccavit,
756 5391 866 5434 ruatrem
879 5393 930 5431 non
946 5379 1041 5447 potuit.

261 5466 346 5530 stare
360 5457 495 5514 indefinita
510 5454 607 5520 scripta
623 5459 663 5503 est
676 5452 701 5502 in
714 5451 796 5502 lilium
811 5449 981 5502 abdicatum:
997 5463 1044 5500 cu-

261 5517 1043 5602 jusmodialiaeeompluressuntapudSenecaurs‚bibarrium

262 5614 288 5658 el
301 5601 406 5668 abosjn
421 5598 574 5651 abdicantes
590 5591 629 5647 tel
650 5590 795 5655 abdicatos,
811 5585 1040 5663 ἀποκηρύττοντας,

256 5672 276 5730 ,ἦ
287 5671 544 5745 ἁποκηρυττοαένους.

292 5740 306 5770 ·¹
317 5723 456 5806 allocutio]
472 5738 556 5803 Quam
569 5730 729 5804 etbopoeiam
740 5742 755 5782 a
766 5726 868 5784 Grecis
879 5727 930 5781 dici
945 5723 1034 5782 monui

1375 1906 1487 1961 btcttb
1505 1905 1597 1959 xxii.

1184 2000 1224 2056 Es
1234 2012 1355 2068 ternpore,
1368 2014 1442 2066 qaum
1459 1998 1513 2063 ipse
1527 1995 1659 2047 lienteriae
1670 1992 1790 2062 tauja—nu.

1387 2102 1480 2142 sarraca
1501 2102 1588 2140 rnrur.

1437 2195 1537 2233 urrann.

1148 2276 1305 2331 Perfunctus
1319 2275 1413 2345 pelago
1427 2271 1579 2334 Diomedes,
1595 2279 1666 2325 totus
1683 2280 1706 2322 et
1723 2269 1793 2322 aruis

1184 2368 1354 2436 Naufragium
1367 2366 1459 2430 debet,
1470 2363 1539 2434 qnod
1552 2363 1608 2416 sine
1623 2361 1728 2431 lymplra
1745 2359 1802 2412 fuit.

1148 2461 1231 2526 Quau
1245 2470 1353 2528 proqrter
1364 2457 1450 2510 varios
1464 2454 1628 2509 contendens
1643 2453 1742 2504 vicerat
1755 2459 1845 2509 aestus,

1185 2551 1257 2605 Uror
1269 2549 1301 2602 ad
1313 2546 1422 2602 alienus
1435 2545 1576 2599 transierat
1590 2542 1725 2609 copulam.

1149 2641 1233 2697 Causa
1248 2640 1418 2708 querelarum
1431 2635 1554 2689 simulato
1567 2633 1673 2688 rrorniue
1688 2647 1747 2684 tera
1763 2639 1813 2683 est.

1185 2732 1267 2801 liujus
1278 2728 1368 2795 rerba,
1385 2743 1490 2796 precor,
1503 2727 1601 2780 comite
1611 2738 1657 2777 ros
1669 2722 1773 2792 placidi.

1398 2819 1581 2871 'tctocurto

1130 2915 1152 2970 0
1167 2914 1284 2977 nuntiae,
1300 2912 1323 2966 si
1335 2911 1410 2977 vobis
1425 2925 1478 2963 raon
1490 2907 1613 2962 everriunt
1628 2913 1721 2960 cuneta
1735 2903 1880 2969 disponen-

1098 3009 1178 3073 tibus,
1193 3007 1275 3061 dirisa
1295 3013 1412 3075 potestas
1433 3011 1483 3066 ed,
1503 3010 1548 3055 aut
1562 3009 1589 3053 et
1611 2999 1740 3052 malorum
1755 2994 1819 3047 estis
1832 3009 1880 3044 an-

1097 3112 1194 3157 ctores.
1219 3099 1294 3165 Quod
1315 3099 1336 3152 si
1357 3098 1531 3150 bumanorum
1554 3105 1642 3145 rerum
1665 3102 1822 3155 qucrnqnam
1849 3101 1881 3137 ex

1098 3207 1209 3248 narniero
1227 3201 1315 3245 restro
1333 3203 1396 3242 eura
1417 3185 1562 3250 sollicitat,
1584 3181 1733 3235 felicitatem
1756 3177 1819 3229 mibi
1841 3191 1881 3227 re·

1071 3319 1073 3325 ,
1097 3285 1202 3339 deuotis
1216 3282 1334 3345 tribuite,
1346 3287 1390 3332 ant
1404 3290 1523 3332 errorem
1535 3287 1612 3341 quatu
1625 3270 1723 3323 balistis
1736 3265 1840 3335 ingrati.
1853 3265 1881 3319 Si

1097 3375 1193 3430 coelnm
1205 3373 1321 3426 vocanda
1334 3372 1437 3440 piorum
1451 3364 1621 3437 posscssio,si
1630 3377 1686 3432 pro;
1698 3372 1738 3413 ter
1749 3368 1879 3412 momenta

1098 3468 1196 3521 lutitiae
1211 3464 1368 3518 mortalibus
1382 3469 1456 3515 orata
1472 3456 1641 3526 tribuuntur),
1652 3456 1734 3509 nolite
1748 3452 1881 3506 beneficiis

1097 3560 1192 3612 restris
1202 3556 1306 3610 sociare
1318 3553 1468 3607 sinuatam.
1478 3553 1532 3603 Cur
1544 3550 1631 3602 taliter
1642 3548 1673 3599 ad
1687 3545 1807 3598 «Nectum
1821 3555 1881 3595 vora

1098 3649 1277 3711 tetendimus,
1295 3654 1322 3698 ut
1336 3652 1475 3713 pararetur·
1489 3641 1607 3695 caelitum
1621 3634 1745 3702 suffragio
1759 3635 1791 3686 dc
1805 3646 1882 3685 occa

1098 3741 1127 3794 si·
1139 3755 1172 3793 ne
1186 3737 1369 3807 prosperitatis
1381 3731 1551 3787 adversitas?
1566 3728 1686 3792 Reddite,
1701 3739 1803 3791 qrraso,
1821 3737 1881 3790 prn-

1099 3830 1153 3900 gtitii
1165 3827 1330 3884 incommoda
1343 3841 1401 3894 quas
1416 3825 1450 3878 tul
1463 3824 1511 3877 stis
1525 3839 1532 3886 ;
1549 3822 1701 3875 restituatur
1715 3816 1831 3882 pelagus,
1848 3828 1881 3864 ne

1097 3935 1205 3979 terreno
1219 3929 1308 3987 pereat
1319 3919 1388 3972 fanra
1401 3915 1548 3984 naufragio.
1561 3909 1690 3967 Secundis
1704 3907 1783 3962 rebus
1795 3903 1883 3973 prori-

1098 4029 1171 4069 mum
1186 4021 1226 4066 est
1254 4021 1417 4079 quascunque
1430 4002 1590 4058 accesserint
1604 4000 1671 4053 mala
1688 3994 1794 4049 rrcsciri.
1810 3995 1883 4061 lgna·

1099 4105 1178 4158 mina
1192 4116 1251 4172 quae
1263 4114 1305 4154 ruc
1319 4099 1343 4152 in
1359 4097 1425 4152 faeie
1440 4093 1562 4164 percolit,
1577 4106 1629 4146 non
1645 4089 1775 4157 tetigisset
1787 4086 1883 4139 absen-

1095 4204 1161 4250 tern.
1185 4193 1312 4257 Uxorem,
1337 4205 1384 4259 pro
1409 4187 1498 4242 nefas!
1523 4184 1573 4239 nia
1593 4182 1627 4237 ad
1649 4197 1708 4235 eam
1731 4178 1882 4239 rediissem,

1100 4285 1222 4340 amisisse
1237 4297 1289 4337 non
1304 4281 1448 4336 crederer:
1470 4275 1571 4331 indeait
1585 4283 1681 4327 statum
1697 4283 1785 4322 meum
1806 4266 1884 4331 alqu-

1099 4386 1155 4432 rata
1176 4376 1324 4431 calamitas.
1344 4370 1457 4426 Statiani
1479 4367 1585 4435 propior
1606 4364 1654 4418 fuit
1669 4360 1792 4429 liquentis
1806 4374 1884 4410 error

1098 4467 1223 4523 elementi
1244 4483 1250 4518 :
1273 4474 1377 4533 portum
1403 4462 1428 4515 iu
1452 4457 1561 4528 genitali
1584 4457 1641 4510 solo
1666 4451 1778 4523 perdidi,
1804 4464 1882 4517 quum

1098 4560 1208 4628 sepeio
1222 4556 1287 4610 rasti
1301 4553 1412 4624 gurgitis
1425 4553 1527 4605 sinibus
1542 4547 1679 4618 acquisivi.
1706 4543 1828 4597 llanceine
1843 4548 1884 4592 est

1098 4650 1193 4702 domus
1205 4654 1304 4714 optata,
1316 4643 1391 4713 cujus
1404 4640 1537 4698 desiderio
1551 4637 1728 4708 periculorum
1745 4631 1885 4702 promitte·

1099 4741 1175 4794 batur
1196 4737 1308 4803 oblivio,
1333 4752 1395 4791 eum
1419 4749 1467 4803 spe
1489 4730 1626 4802 sequentis
1649 4726 1737 4797 gaudii
1764 4736 1883 4793 praeseus

1098 4833 1226 4886 triariorum
1244 4837 1346 4896 poenal
1358 4828 1444 4883 foruna
1457 4822 1575 4880 nesciri?
1589 4821 1637 4875 Cui
1652 4831 1766 4887 unquam
1782 4815 1815 4868 de
1831 4828 1855 4865 m
1871 4840 1884 4852 -

1097 4923 1226 4998 serarium
1239 4921 1360 4976 rerruints
1370 4927 1430 4973 snut
1446 4926 1507 4971 nata
1520 4912 1659 4984 principia,
1672 4918 1717 4961 aut
1732 4907 1764 4960 de
1777 4904 1886 4973 perfun-

1098 5053 1167 5104 mus,
1183 5050 1241 5091 eam
1255 5034 1341 5088 barini
1354 5032 1454 5088 saeculo
1469 5027 1583 5083 Erinodii
1598 5024 1786 5079 allocutionem
1803 5032 1884 5068 troca-

1098 5120 1169 5162 rnnt.
1190 5107 1235 5160 Sic
1252 5106 1323 5158 enim
1344 5115 1370 5156 et
1387 5101 1537 5155 Priscianus
1559 5099 1584 5149 iu
1609 5088 1884 5147 Praene-reiterarerrris

1099 5175 1259 5231 cinctorium:
1276 5172 1401 5226 dllocatt'o
1416 5178 1451 5221 rst
1463 5167 1571 5221 inritatio
1586 5161 1708 5216 santonis
1719 5159 1752 5208 ud
1766 5170 1848 5206 ratores
1861 5165 1885 5206 ct

1097 5246 1243 5313 suppositas
1261 5257 1381 5311 personas
1401 5238 1601 5295 racconrnrorlatn,
1624 5241 1662 5296 stt,
1686 5227 1782 5292 Quibus
1803 5226 1884 5275 uerbis

1098 5318 1135 5369 ati
1153 5314 1271 5376 patuisset
1292 5309 1464 5362 drudromaclte
1486 5305 1594 5358 Hectore
1609 5310 1708 5353 mortuo
1726 5311 1734 5348 ,·
1750 5295 1821 5360 quud
1844 5306 1886 5346 cst

1097 5385 1166 5453 apud
1191 5383 1344 5444 libanium,
1368 5381 1435 5435 τίνας
1461 5372 1490 5428 ἂν
1514 5374 1581 5428 εἴποι
1608 5372 1698 5440 λόγους
1726 5364 1882 5439 Ανδροςιάχη

1094 5457 1196 5524 κειμένῳ
1215 5450 1369 5524 labarum.
1386 5451 1439 5501 lloe
1452 5445 1522 5498 enirn
1538 5442 1616 5495 niodo
1635 5438 1720 5492 tiruei
1734 5444 1883 5489 atticarum

1094 5524 1239 5579 dictionum
1254 5521 1369 5574 tbernata
1386 5514 1579 5584 proponebant.
1597 5510 1682 5563 latini
1698 5509 1723 5560 in
1741 5508 1810 5558 lrauc
1827 5505 1882 5556 fera

1096 5593 1212 5656 modum,
1228 5589 1315 5643 Verba
1331 5587 1475 5652 biorucdis‚
1491 5599 1550 5639 cum
1567 5581 1685 5653 AEgiales
1700 5576 1792 5634 uxoris
1807 5575 1881 5627 adid-

1096 5663 1161 5719 taria
1182 5661 1313 5732 cognorit.
