3906 6180
103 342 157 404 ιιι
685 337 1112 427 rrrsroteurouursra.
1684 343 1737 399 na

82 512 86 517 ,
136 460 256 517 rhomae
275 460 404 516 diaeoam
420 467 448 515 ut
465 473 555 531 sopra.
775 483 776 486 ¹
907 459 935 522 tt
981 456 1100 520 lridsros
1114 457 1334 516 archimandrita.

136 548 243 606 Eiiseut
259 551 398 622 presbyter
408 558 437 606 ut
450 540 542 620 supra.
876 614 880 618 ⁴
945 606 948 612 ,
979 547 1104 609 lulianus
1117 551 1257 622 presbyter
1271 561 1405 619 utsupra.

133 641 245 713 Sergios
258 641 387 700 diaconos
407 651 435 698 ut
452 656 544 715 snpra.
977 639 1095 699 luanus
1106 655 1132 706 et
1142 642 1307 705 homanurst
1322 644 1442 701 Thomas
1452 643 1598 718 presbyteri
1609 654 1735 719 utsupra.

131 735 407 809 habitoresbyter
421 747 449 794 ιι
461 752 553 808 saprs.
981 735 1131 792 Antoninus
1143 735 1274 793 diaconus
1289 748 1317 793 ιι
1336 750 1427 809 supra.

85 833 102 856 ⁹
133 828 248 900 Seruius
263 831 557 903 preshyterotsupra.
631 832 634 837 ’
979 828 1115 887 librabant
1134 829 1286 903 presbyter,
1301 830 1388 891 haras
1407 831 1536 891 menam
1551 841 1578 890 et
1599 832 1738 903 hhraharu

22 937 26 944 ·
133 925 537 996 raon-diremptione.
946 921 1085 994 presbyter
1099 930 1129 980 ιι
1141 937 1233 995 sopra.
1625 997 1631 1006 ἱ

132 1015 253 1075 ioannes
263 1017 408 1088 presbyter
419 1027 451 1075 ut
463 1032 554 1087 upra.
980 1014 1114 1072 Terrobios
1124 1025 1152 1074 et
1162 1015 1317 1087 Stephanus
1329 1018 1480 1092 presbyteri
1494 1025 1628 1088 utsupra.
1668 1057 1671 1065 .

133 1109 275 1183 Phiiippus
288 1109 417 1173 diaeonus
432 1120 460 1169 ut
472 1125 553 1180 hipra
960 1104 1130 1165 ‘simeonius
1142 1119 1170 1164 ct
1184 1109 1333 1164 Demetrius
1345 1110 1495 1183 presbyteri
1513 1119 1541 1165 ut
1555 1125 1645 1183 supra.

109 1264 112 1268 ,
132 1201 252 1267 lacobus
264 1201 449 1279 presbyteros
462 1217 554 1273 sopra.
980 1195 1098 1254 Thomas
1110 1209 1136 1254 et
1146 1197 1264 1254 Dominus
1278 1199 1428 1272 presbyteri
1445 1211 1576 1270 utsupra.

105 1356 110 1371 ¹
131 1291 417 1375 Zenobiospresbyter
427 1303 559 1375 utsupra.
980 1290 1133 1348 simeonius
1145 1302 1174 1350 et
1186 1294 1257 1350 Elias
1271 1296 1422 1368 presbytori
1437 1305 1465 1351 nt
1482 1311 1574 1367 supra.

110 1383 509 1469 *hlorasdisssousutsupra
787 1374 791 1385 '
980 1380 1122 1439 dhramius
1136 1393 1164 1441 et
1179 1384 1338 1456 Pelagianos
1352 1386 1502 1465 presbyteri
1519 1395 1651 1459 utsupra.

131 1472 249 1537 iaaacbm
262 1474 403 1549 presbyter
415 1484 443 1534 ut
455 1491 548 1547 snpra.
647 1525 648 1528 ,
980 1472 1118 1533 humanos
1132 1485 1160 1533 et
1171 1475 1271 1533 dhram
1287 1477 1436 1548 presbyteri
1449 1487 1476 1532 ut
1490 1490 1581 1548 sopra.

133 1564 252 1623 Ananias
261 1566 405 1643 presbyter
414 1576 443 1623 ot
453 1581 545 1638 snpra.
978 1565 1132 1623 simeonius
1146 1568 1287 1647 presbyter
1299 1580 1326 1626 et
1338 1569 1450 1626 Garoias
1463 1570 1593 1627 diaconos
1604 1577 1633 1627 nt
1642 1584 1733 1644 supra.

104 1725 109 1731 ,
131 1655 244 1730 Sergius
256 1659 399 1732 presbyter
412 1667 547 1729 utsupra.
977 1655 1130 1715 simeonius
1141 1657 1297 1716 ethrrannes
1311 1659 1460 1737 presbyteri
1476 1672 1607 1731 utsupra.
1679 1712 1681 1717 s
1733 1658 1740 1678 '

130 1744 244 1811 simeon
258 1751 400 1827 presbyter
408 1759 438 1807 ut
447 1734 540 1822 supra.
977 1747 1129 1805 simeonius
1144 1757 1171 1805 et
1183 1749 1306 1806 Julianus
1320 1751 1470 1825 presbyteri
1484 1762 1616 1825 utsupra.

104 1908 107 1913 Ι
132 1840 163 1894 τι
174 1856 251 1899 ..mas
265 1841 404 1914 presbyter
417 1853 446 1898 ut
462 1836 554 1915 sopra.
904 1829 930 1895 Ι
977 1839 1159 1914 Eutychianos
1171 1850 1199 1898 et
1212 1841 1470 1923 ioannesdiaeonus
1481 1851 1613 1915 utsupra.

131 1930 251 1995 ioannes
261 1935 403 2007 presbyter
416 1945 445 1991 ot
459 1949 552 2005 supra.
976 1932 1094 1991 Thomas
1107 1942 1135 1989 ct
1145 1935 1212 1991 item
1231 1933 1349 1992 Thomas
1362 1935 1511 2010 presbyteri
1526 1947 1555 1992 ιιι
1571 1950 1660 2007 supra.

132 2025 244 2081 Sorruoa
256 2023 397 2101 presbyter
407 2034 538 2099 utsupra.
976 2026 1111 2082 humanus
1125 2025 1256 2083 diaconus
1270 2035 1298 2082 et
1310 2027 1429 2085 ioannes
1443 2028 1585 2102 presbyter
1601 2034 1631 2084 ut
1639 2038 1732 2100 supra.

130 2110 253 2193 Thomas
263 2114 402 2191 presbyter
412 2125 441 2175 ut
452 2131 544 2186 supra.
976 2115 1107 2176 Eusebius
1120 2116 1328 2174 archimandrita
1344 2129 1370 2173 et
1382 2104 1521 2175 Eustasius
1533 2115 1685 2190 presbyteri
1704 2123 1733 2172 ιι

36 2226 39 2230 “
128 2205 250 2271 ‚loannes
259 2208 401 2284 presbyter
416 2219 548 2285 utsupra.
939 2221 1030 2276 supra.
1245 2267 1246 2270 Ἴ

127 2297 240 2371 Simeon
250 2302 396 2383 presbyter
410 2311 439 2359 ut
454 2292 547 2374 supra.
973 2297 1131 2359 lacunosae
1146 2298 1277 2356 Eusebius
1293 2299 1443 2371 presbyteri
1457 2312 1486 2356 ut
1500 2315 1590 2372 supra.

127 2390 212 2455 uarro
228 2391 430 2452 thosdiaconos
439 2390 473 2450 'ut
486 2408 577 2467 supra.
656 2424 659 2430 ·
974 2389 1084 2460 snrpros
1095 2401 1124 2449 st
1138 2390 1227 2447 llaras
1237 2393 1387 2463 presbyteri
1404 2404 1431 2447 ut
1445 2406 1538 2464 sopra.

125 2480 385 2547 Tbnmasdiacunus
398 2470 531 2558 utsupra.
978 2481 1091 2541 ioannes
1101 2492 1127 2539 et
1142 2482 1266 2540 lulianus
1282 2485 1432 2558 presbyteri
1447 2493 1579 2556 utsupra.

124 2571 248 2631 hauries
266 2573 399 2637 diaconos
413 2586 548 2647 utsupra.
721 2635 728 2648 ‚
975 2575 1074 2635 Paulus
1088 2584 1117 2631 et
1127 2575 1225 2635 isacius
1238 2578 1389 2649 presbyteri
1405 2589 1431 2632 nt
1445 2591 1537 2647 supra.

125 2664 561 2743 Lamneospresbyterutsuprs.
593 2721 595 2724 .
799 2662 804 2673 ’
974 2667 1091 2725 Thomas
1104 2677 1132 2726 et
1147 2667 1279 2723 basianus
1293 2669 1443 2740 presbyteri
1455 2680 1484 2725 ut
1497 2684 1586 2741 supra.

100 2818 103 2822 ,
125 2756 221 2825 Daniel
235 2760 444 2821 archimandrita
460 2775 488 2821 ul
506 2780 597 2836 supra.
972 2758 1132 2817 hominesue
1146 2757 1242 2816 hairici
1258 2761 1407 2832 presbyteri
1422 2770 1555 2831 utsupra.

98 2832 105 2928 f
125 2848 239 2911 Simeon
253 2853 463 2914 archimandrita
474 2866 503 2913 ot
516 2853 608 2931 supra.
973 2851 1088 2909 herenas
1108 2854 1246 2926 presbyter
1270 2860 1298 2908 et
1321 2853 1419 2909 azizos
1442 2853 1569 2909 diaeonus
1594 2863 1621 2909 et
1643 2852 1729 2910 arebl-

98 3015 102 3020 Ι
126 2945 269 3003 hbramius
288 2948 428 3022 presbyter
441 2958 472 3007 ιι
485 2965 577 3020 supra.
940 2943 1074 3001 mandrita
1090 2952 1222 3014 utsupra.

27 3042 45 3095 ’.
125 3034 210 3093 llarid
231 3039 371 3114 presbyter
380 3051 506 3115 utsupra.
558 3084 560 3089 ι
925 3113 932 3119 ι
973 3036 1104 3091 Antonios
1125 3034 1256 3091 diaeonus
1281 3044 1308 3092 et
1331 3035 1540 3092 archimandrita
1565 3046 1592 3093 ct
1616 3033 1731 3110 cyrillus

37 3153 41 3158 ·
126 3126 279 3184 hierotheus
289 3129 433 3202 presbyter
449 3140 581 3203 utsupra.
937 3125 1080 3196 presbyter
1093 3133 1123 3181 ¹¹⁸
1141 3139 1233 3194 wilfi·

126 3219 280 3279 hnromnns
292 3222 434 3295 presbyter
449 3232 477 3279 ut
490 3239 580 3295 snpra.
896 3194 923 3262 0
972 3214 1025 3271 lob
1039 3215 1179 3288 presbyter
1191 3225 1218 3272 et
1233 3217 1385 3288 Stephanus
1397 3216 1528 3276 diaconus
1538 3227 1566 3274 et
1580 3218 1730 3275 archiman-

97 3294 397 3394 'Thomaspreshyter
407 3304 536 3387 utsupra.
934 3307 1007 3364 diiii
1024 3317 1054 3364 ¹¹²
1068 3304 1160 3379 iu1³¹3·
1296 3307 1299 3311 ⁸

124 3401 273 3462 bnnnrpm
300 3394 393 3477 propte
407 3404 555 3465 barsumas.
582 3405 680 3480 lippe.)
701 3409 841 3482 presbyter
855 3404 884 3469 ιιι
970 3400 1069 3456 Bassus
1081 3401 1210 3457 diaconos
1224 3408 1253 3457 et
1266 3401 1380 3457 basilius
1394 3411 1534 3474 presoyter
1550 3412 1577 3458 ut
1592 3417 1684 3474 supra.

102 3508 183 3564 upra.
970 3493 1124 3551 Simeonlus
1136 3504 1164 3551 et
1173 3493 1292 3551 lomnes
1305 3497 1456 3570 presbyteri
1468 3505 1497 3552 ot
1509 3511 1603 3568 satyra.

122 3586 235 3658 Sergim
250 3592 391 3663 presbyter
405 3601 434 3649 nt
454 3608 543 3664 snpra.
968 3584 1085 3642 lacobus
1107 3585 1291 3658 presbyteres
1312 3587 1433 3644 lulianus
1456 3587 1586 3646 diaeonus
1604 3596 1632 3645 et
1645 3588 1729 3657 archi·

124 3666 257 3735 Eusebius
270 3683 411 3758 presbyter
425 3693 557 3754 utsupra.
933 3678 1066 3735 mandrita
1081 3687 1110 3735 ut
1124 3693 1216 3751 supra.

123 3768 280 3831 simeonius
295 3775 436 3853 presbyter
449 3785 579 3849 utsupra.
968 3771 1121 3828 simeonius
1137 3781 1165 3827 et
1183 3771 1305 3843 Alpheus
1320 3772 1470 3845 presbyteri
1486 3780 1619 3845 utsupra.
1731 3834 1740 3843 ,

125 3859 268 3920 Marcellus
280 3866 423 3939 presbyter
438 3874 567 3938 utsupra.
968 3859 1088 3919 ioannes
1098 3861 1242 3935 presbyter
1254 3870 1282 3918 et
1297 3863 1393 3920 Petrus
1407 3864 1538 3920 diaeonus
1554 3874 1683 3935 utsupra.

125 3949 237 4009 Priscus
253 3942 392 4029 prebyter
405 3966 434 4014 ot
452 3967 544 4029 supra.
970 3952 1064 4011 Daniel
1078 3952 1209 4011 macaron
1223 3963 1249 4009 et
1263 3954 1356 4011 Burrus
1377 3954 1729 4012 diaconns'arehimandrha

125 4043 214 4100 hlaras
225 4046 365 4120 presbyter
378 4056 407 4104 ut
418 4064 509 4119 sopra.
935 4052 1068 4116 utsupra.

124 4135 236 4210 Sergius
248 4143 389 4214 presbyter
404 4151 432 4199 ut
444 4158 536 4215 supra.
970 4137 1125 4193 Alexander
1137 4146 1164 4194 et
1176 4136 1375 4215 Epiphaniuspt
1383 4137 1501 4210 eshyteri
1515 4148 1543 4194 ut
1555 4147 1646 4212 supra.

124 4226 242 4287 lacobus
257 4233 398 4308 presbyter
413 4245 544 4306 utsupra.
724 4225 726 4230 ’
881 4226 884 4233 ⁴
971 4230 1063 4287 Tullus
1076 4240 1103 4285 et
1113 4232 1257 4287 abramius
1271 4233 1422 4303 presbyteri
1436 4243 1568 4305 utsupra.

126 4318 244 4377 Thomas
254 4325 397 4396 presbyter
411 4334 439 4380 ul
454 4340 546 4397 sopra.
883 4324 887 4337 '
969 4322 1093 4378 lolianus
1108 4322 1249 4393 presbyter
1270 4333 1297 4378 ct
1316 4321 1436 4380 ioannes
1458 4322 1740 4384 diaconosanctus?

125 4408 191 4466 item
204 4411 325 4471 Thomas
333 4416 478 4495 presbyter
490 4426 519 4472 ut
540 4430 632 4490 sopra.
935 4412 1067 4469 mandrita
1079 4420 1108 4467 ut
1121 4428 1213 4483 sopra.

124 4500 245 4561 Thomas
257 4507 397 4580 presbyter
411 4518 545 4579 utsupra.
971 4505 1083 4562 carutm
1098 4515 1125 4562 et
1137 4505 1291 4564 simeonius
1305 4508 1456 4580 presbyteri
1470 4522 1498 4565 ur
1512 4524 1603 4580 sopra.
1631 4559 1634 4565 .

125 4591 235 4652 Salinus
255 4599 396 4671 presbyter
410 4609 439 4654 nt
455 4614 547 4671 supra.
974 4596 1130 4654 Timotheus
1141 4598 1271 4655 diaeonus
1281 4607 1309 4656 et
1324 4600 1419 4657 Petrrrs
1433 4603 1584 4674 presbyteri
1597 4611 1725 4673 utsupra.

123 4683 244 4742 Thomas
257 4689 398 4762 presbyter
410 4700 439 4746 ut
456 4705 547 4761 sopra.
973 4689 1144 4747 llaeedonius
1167 4691 1347 4762 presbyteres
1361 4693 1569 4750 archimandrita
1585 4705 1613 4751 ut
1634 4708 1727 4767 supra.

125 4775 244 4835 ioannes
259 4781 398 4852 presbyter
410 4795 439 4838 ut
454 4799 544 4855 supra.
973 4780 1116 4854 Dionysius
1129 4783 1338 4840 archimandrita
1352 4795 1381 4841 ut
1395 4799 1488 4856 supra.

85 4863 100 4871 ’“
125 4867 288 4928 varasaldas
302 4876 442 4950 presbyter
455 4883 485 4931 ot
501 4891 593 4951 supra.
971 4874 1090 4930 loannes
1100 4873 1310 4932 archimandrita
1326 4886 1458 4947 utsupra.

125 4959 243 5020 loannes
252 4964 382 5023 diaconus
394 4976 422 5022 nt
436 4982 527 5039 snpra,
973 4964 1126 5022 simeonius
1140 4967 1278 5043 presbyter
1290 4976 1319 5024 ct
1330 4968 1542 5027 archimandrita
1554 4981 1584 5028 ot
1599 4986 1692 5046 supra.

125 5052 268 5113 liareellns
282 5058 556 5131 diaconnsutsoprs.
973 5058 1064 5117 uenas
1088 5060 1217 5119 dianonus
1239 5061 1487 5121 etarohimandrita
1509 5073 1538 5123 et
1561 5064 1729 5127 baiabsabas

125 5143 280 5204 simeonius
294 5149 435 5223 presbyter
447 5161 570 5226 utsupra
936 5155 1078 5228 presbyter
1091 5165 1221 5228 utsupra.

125 5235 283 5296 Gennadius
296 5243 438 5319 presbyter
452 5254 582 5317 utsupra.
973 5247 1086 5319 Seryios
1104 5247 1245 5320 presbyter
1263 5257 1291 5305 et
1302 5247 1464 5308 Theodorus
1478 5251 1685 5311 archimandrita
1700 5264 1718 5306 u

123 5327 245 5388 Thomas
264 5335 405 5410 presbyter
419 5348 448 5392 nt
461 5353 553 5409 supra.
937 5347 1031 5408 sopra.
1533 5354 1535 5358 ⁴

123 5419 277 5498 simeonius
289 5428 430 5500 presbyter
441 5439 469 5485 ιιι
483 5445 576 5501 snpra.
973 5428 1111 5500 Beniamin
1136 5428 1346 5489 archimandrita
1369 5441 1397 5491 et
1421 5434 1521 5491 isacrus
1536 5432 1684 5504 presbyteri
1700 5437 1729 5484 ut

124 5511 268 5572 dbramint
281 5520 422 5592 presbyter
436 5533 462 5576 ut
476 5537 568 5593 supra.
935 5534 1026 5592 supra.

92 5603 95 5609 '
122 5603 279 5668 stnennrns
294 5613 436 5686 presbyter
449 5625 581 5689 utsupra.
791 5599 794 5604 ’
970 5614 1062 5671 batilei
1077 5616 1257 5692 presbyteres
1272 5618 1480 5677 archimandrita
1493 5627 1521 5674 et
1533 5618 1668 5675 Abraham
1683 5635 1728 5677 ar·

120 5690 241 5760 iacchus
260 5705 351 5778 presby
358 5712 399 5762 ter
412 5712 543 5780 utsupra,
932 5709 1113 5768 ehimaudrita
1128 5722 1257 5780 utsupra.

121 5792 241 5852 loannes
254 5799 397 5871 prmlrytar
408 5809 544 5878 wsupm.
800 5837 807 5847 ·
969 5802 1124 5865 simeonius
1135 5804 1344 5864 srehiurandrita
1358 5814 1390 5904 st
1405 5819 1496 5886 upra.
1557 5888 1559 5893 Ι
