3906 6180
170 313 202 369 aa
735 303 869 362 canona
887 302 1040 360 erascoat
1059 300 1246 361 aiotasasts
1766 301 1802 358 as
1823 379 1825 386 Ι

80 418 84 429 ’
168 437 196 485 et
211 441 307 482 aarum
319 425 346 482 in
358 424 403 496 jus
418 423 561 495 diligentia
574 419 691 484 attulit,
708 429 736 474 et
750 419 827 474 arnici
841 416 955 474 senioris
969 417 1134 486 Aquaritur
1146 419 1209 486 uota
1224 416 1252 471 in
1267 417 1368 471 amoris
1382 417 1460 474 lance
1473 430 1646 488 promoveas,
1656 416 1708 473 sed
1722 420 1801 488 quale

169 533 260 588 poetam
282 517 392 588 obligat.
417 515 466 582 Qui
494 514 555 569 duaa
580 510 768 579 magnitudinis
792 518 844 564 tuae
869 507 955 562 lideiis
1007 508 1040 562 ad
1063 508 1245 576 praejudicium
1267 507 1410 562 aestiuaranti
1434 522 1531 563 nomen
1562 522 1683 577 opponas
1705 526 1712 559 ε
1738 522 1800 564 cun

167 621 255 679 praroo
272 614 331 670 cst,
350 605 423 674 prius
437 617 484 657 ros
499 615 546 670 pcr
566 599 780 669 astipulationem
800 613 875 652 suana
891 595 957 651 iecit
1007 597 1076 668 apud
1094 598 1236 666 prudentes
1253 597 1350 653 trustra
1361 597 1479 652 sobolem
1491 596 1615 663 dianus,
1627 596 1677 650 nisi
1691 597 1803 654 esbibet

167 697 244 766 eligi,
258 710 336 766 quam
359 693 476 769 agnosci.
499 691 571 745 Raro
585 690 705 745 notitiam
730 688 869 757 praecessit
889 685 956 741 ad‘e·
1006 690 1076 760 quod
1093 700 1213 744 vocatur.
1230 689 1294 743 Nam
1308 689 1354 759 qui
1373 690 1398 743 in
1417 689 1493 759 prole
1511 702 1651 742 cerasuram
1671 689 1800 759 negligit,

81 802 84 809 ·
166 787 241 840 ctio:
256 784 298 840 cui
311 784 419 852 coartigit
433 790 494 836 ante
509 781 629 851 plasme,
641 794 720 849 quam
736 776 851 845 inspici?
866 776 956 842 Quan·
1006 786 1165 847 conceptum
1189 781 1272 848 magis
1287 774 1409 849 designat
1424 779 1473 833 sibi
1489 779 1611 847 placere,
1625 794 1704 847 uuam
1720 781 1799 836 ueri-

166 885 222 930 tum
241 872 310 944 apud
325 888 367 929 me
390 872 493 942 pondus
514 879 556 925 est
570 869 727 940 perlatoris,
750 867 899 932 advertite,
921 864 956 920 at
1007 881 1074 924 ιιιιιι.
1090 869 1218 925 Facessat
1237 870 1263 922 in
1286 869 1401 938 posteris
1426 869 1477 923 boc
1502 869 1587 924 solum
1611 885 1661 925 taos
1683 871 1801 940 capitam

166 965 243 1034 cuius
254 964 453 1035 nutumjudicia
467 973 556 1019 nostra
570 951 731 1017 aestuatur:
747 958 955 1028 aidianusquetu
1006 958 1075 1026 quod
1090 957 1179 1012 libuit.
1201 957 1304 1012 Etenim
1320 958 1421 1012 lructus
1435 957 1519 1022 uteri,
1534 957 1586 1011 nisi
1602 956 1743 1013 hone-tate
1757 973 1799 1014 rc-

166 1054 279 1110 didicit:
294 1070 373 1125 quem
396 1053 484 1108 laudat
506 1051 703 1119 amplectimur.
718 1048 796 1116 Saepo
819 1047 845 1101 in
870 1047 956 1101 solido
1005 1048 1154 1118 spondeat,
1178 1049 1237 1114 plus
1259 1048 1285 1101 in
1306 1046 1460 1106 testimonio
1482 1046 1597 1101 lasciuiae
1618 1045 1723 1101 ridetur
1738 1061 1800 1102 cre-

165 1145 307 1200 coustituta
321 1158 396 1199 meam
411 1143 517 1213 propria
533 1141 620 1193 amico
632 1139 703 1192 cedit
716 1137 846 1190 examini.
861 1136 956 1191 llerim
1007 1147 1079 1198 nisae
1092 1159 1170 1212 quam
1184 1143 1289 1212 gratiae.
1302 1142 1353 1197 Fas
1363 1142 1436 1197 euim
1446 1148 1489 1195 est
1499 1141 1683 1210 germanitatis
1692 1154 1801 1210 semper

165 1253 229 1308 crgo
251 1237 430 1306 suspicimus,
454 1248 521 1304 quas
544 1232 671 1301 probatus
692 1227 808 1283 extollit.
833 1227 908 1282 Nunc
931 1227 955 1282 si
1007 1235 1085 1290 iadelc
1103 1235 1267 1288 consortium
1289 1234 1371 1288 etiam
1395 1232 1522 1306 partribus
1543 1229 1695 1285 surdiori:
1720 1232 1800 1286 alatur

165 1329 313 1384 ubertatem
335 1327 426 1397 gratie
450 1322 548 1392 ingenii
573 1320 673 1374 macies
696 1317 860 1386 etbiicdreli
884 1316 954 1371 ⁵1²4
1006 1326 1161 1394 participem
1180 1323 1292 1392 originis
1306 1322 1346 1377 sic
1368 1322 1475 1386 baberi,
1499 1329 1527 1376 ιιι
1547 1335 1597 1375 nec
1617 1319 1799 1377 consideratio

166 1421 264 1473 laiatean
276 1415 382 1472 foedel‘li
391 1413 459 1469 {titii
468 1411 601 1467 sermonis
610 1425 662 1463 tttttt
672 1409 819 1464 lassaretur
828 1406 953 1474 miamin
1005 1414 1145 1482 saligninis
1156 1413 1315 1481 negligatur,
1326 1419 1354 1466 ei
1362 1410 1530 1466 descendens
1542 1424 1557 1464 ι
1569 1410 1665 1464 {nerito
1678 1409 1799 1464 inridetur

164 1508 187 1562 si
198 1505 349 1578 epistolaris
367 1504 479 1573 qualitas
493 1517 553 1571 que
566 1501 648 1555 ctiam
663 1500 779 1568 copiosis
801 1498 954 1567 eloquentia
1004 1519 1127 1560 eraiueu.
1146 1504 1178 1558 Ει
1197 1504 1257 1557 ideo
1279 1518 1313 1556 rua
1336 1503 1454 1556 sinuosis
1477 1502 1504 1556 ira
1523 1501 1632 1569 longana
1653 1501 1798 1569 procedant

165 1600 255 1656 [aenos
267 1594 386 1664 imponit,
403 1592 525 1663 Ρῐθὸῐθᾶῑ
536 1607 579 1646 ⁰¹0
592 1590 625 1645 dd
637 1590 755 1659 ¹⁰¹¹iiil’la
768 1588 930 1658 permitteret
945 1604 953 1642 ἑ
1005 1596 1086 1650 realia
1103 1593 1272 1664 praeiouuiis‚
1289 1602 1317 1648 ct
1328 1593 1400 1662 qarod
1414 1607 1444 1647 re
1460 1600 1598 1662 angustum
1617 1604 1656 1646 esa
1668 1631 1676 1655 ‚
1690 1601 1797 1646 crescat

164 1703 312 1746 assererem
325 1694 423 1758 quanta
436 1685 559 1740 nobilitas
572 1691 615 1738 tua
632 1681 696 1741 mibi
709 1682 820 1743 debeat.
836 1680 905 1750 quaid
921 1680 953 1735 ad
1005 1685 1102 1746 allotu;
1122 1684 1193 1738 dono
1215 1685 1241 1738 in
1261 1682 1455 1738 insternitatom
1478 1693 1549 1736 auam
1564 1680 1683 1745 conleru
1702 1692 1728 1735 et
1741 1681 1795 1751 iuri

163 1781 307 1846 epistolare
324 1777 512 1834 commercium
536 1775 640 1845 primus
661 1773 780 1837 accessi,
796 1780 823 1826 et
843 1771 950 1840 januam
967 1772 1049 1832 litam
1065 1783 1190 1843 perpetua
1205 1773 1365 1827 liberalitate
1379 1771 1535 1827 transfundo
1551 1770 1710 1841 mancipium
1723 1770 1793 1839 juris

163 1870 306 1941 diligentiae
327 1867 444 1925 reserati
466 1866 542 1921 clare
566 1863 709 1919 manuario.
733 1861 841 1931 uariatior
863 1869 953 1915 tamen
1004 1865 1146 1931 tractitius,
1160 1872 1305 1920 olcaetera.
1322 1864 1394 1918 Vale.
1526 1922 1529 1929 Ι

163 1976 257 2032 precor
271 1970 300 2015 ut
322 1973 369 2028 pro
383 1959 425 2013 bis
445 1966 505 2028 quiae
527 1955 619 2010 tribuit
632 1953 797 2009 redametur.
821 1951 953 2006 Ecclesiae
1250 2028 1260 2043 .
1283 1953 1447 2010 epistota
1469 1954 1499 2007 ll.

162 2066 257 2108 causas
270 2051 376 2106 insinuo
390 2066 397 2103 ε
410 2050 475 2120 quia
490 2046 559 2118 qarod
570 2047 625 2116 spei
639 2059 706 2100 meae
720 2043 894 2112 impenditur,
907 2057 955 2096 ro·
1274 2060 1400 2102 aaronitas
1420 2061 1530 2103 rausm.

163 2145 206 2199 bis
224 2143 321 2200 crescit
335 2143 367 2197 ad
382 2142 517 2197 meritum.
534 2139 646 2194 bomine
662 2139 714 2200 rai.
730 2136 897 2191 effusissimae
910 2148 954 2189 sa·
1038 2139 1166 2193 Sublimis
1180 2139 1220 2193 air
1243 2139 1405 2204 dictionibus,
1426 2143 1524 2194 aninaac
1542 2153 1609 2195 meae
1630 2139 1720 2209 portio
1740 2153 1794 2195 nan

163 2235 300 2290 iactationis
315 2247 411 2288 munus
423 2229 593 2300 impendens,
609 2234 739 2298 quaesout
752 2227 773 2280 si
790 2225 865 2280 robis
878 2223 953 2280 cordi
1003 2229 1169 2294 defraudata,
1183 2219 1229 2285 sed
1245 2229 1341 2293 solida,
1356 2230 1399 2284 cai
1415 2232 1446 2284 ad
1463 2232 1667 2300 prerogativam
1683 2229 1793 2298 sangui·

162 2333 205 2379 est
217 2323 379 2379 oblationem
393 2336 480 2376 meam
494 2319 529 2374 dc
542 2317 670 2373 libamine
690 2315 808 2370 caaritatis
818 2314 951 2382 accipere,
1004 2321 1045 2375 uis
1060 2334 1162 2374 morum
1177 2318 1304 2389 splendor
1316 2319 1441 2387 accessit,
1459 2326 1509 2374 boc
1520 2334 1571 2389 neg
1581 2322 1626 2374 tio
1639 2334 1689 2374 suo
1702 2319 1794 2373 credi·
1812 2334 1815 2339 ·

162 2414 318 2486 religionem
333 2413 427 2468 amicae
440 2407 611 2466 conscientie
626 2406 752 2462 reseretis
765 2405 892 2475 :alloquio
1003 2413 1041 2467 dit
1055 2410 1211 2476 corareaaire,
1226 2413 1248 2464 si
1264 2410 1329 2465 raaeis
1350 2409 1420 2480 apud
1433 2411 1538 2466 culmen
1552 2420 1671 2465 restrum
1685 2410 1794 2478 jaaizret

444 2498 609 2556 EPISTOLA
630 2498 673 2553 li!-
1003 2513 1046 2559 tur
1059 2503 1192 2574 alioquiis.
1203 2503 1281 2570 Quod
1292 2503 1520 2573 supersedendum
1535 2506 1593 2571 eius
1604 2505 1730 2559 conscius
1740 2519 1793 2558 oon

351 2607 478 2648 ausonios
497 2605 609 2646 tutatio
630 2603 761 2644 eviscero·
1003 2596 1108 2665 putari,
1132 2596 1231 2650 iaciens
1251 2595 1403 2650 urbanitate
1417 2594 1530 2663 qraadam
1550 2608 1673 2663 personae
1695 2593 1791 2659 tribui,

196 2686 319 2743 Tritaitati
332 2685 432 2756 gratias
447 2684 501 2739 beo
524 2692 626 2746 nostru,
646 2681 692 2752 qui
715 2682 812 2737 lascem
827 2695 880 2748 nuo
903 2679 952 2735 de·
1002 2684 1073 2753 quod
1091 2699 1140 2739 ros
1154 2683 1215 2738 tauri
1237 2682 1335 2738 debere
1348 2684 1468 2753 justitiae.
1485 2682 1512 2738 in
1524 2681 1616 2738 Sicilia
1634 2684 1705 2739 euim
1723 2698 1791 2754 prc-

163 2778 263 2848 primor
275 2773 620 2846 peecatoruau,iortisapud
633 2786 663 2828 se
677 2772 726 2828 riri
741 2772 879 2826 alacritate
891 2784 950 2824 sus·
1002 2775 1065 2830 dicti
1083 2775 1226 2843 praedium,
1254 2775 1324 2830 bono
1347 2775 1476 2830 bacteons
1497 2776 1557 2844 iure
1577 2790 1730 2844 pascemur
1748 2793 1756 2829 z
1776 2789 1792 2832 a

164 2877 270 2923 tentat:
292 2867 339 2938 gui
359 2865 515 2922 memoriam
541 2867 592 2919 saei
608 2864 635 2917 in
660 2863 706 2917 illo
721 2869 815 2917 sancto
836 2862 951 2931 pectoris
1001 2868 1171 2922 consortibus
1190 2865 1349 2936 perhibetur
1366 2866 1497 2923 invasum.
1520 2866 1595 2924 Nunc
1618 2867 1790 2936 adjuvamen

161 2957 200 3012 tui
220 2957 319 3027 templo
337 2970 390 3026 quo
408 2953 505 3027 gaudet
524 2953 663 3020 cbristus,
685 2951 792 3007 subtilis
806 2951 950 3007 lubricatur
1002 2956 1138 3011 civilitatis
1154 2957 1325 3027 impendizur,
1341 2958 1467 3028 quidquid
1481 2972 1531 3028 ego
1546 2972 1706 3028 promovero
1724 2972 1790 3028 sap·

162 3047 316 3103 interserit:
330 3053 359 3101 ut
372 3045 442 3117 quod
460 3048 574 3115 proprie
586 3043 799 3099 curaserraaionis
811 3043 882 3098 nube
896 3041 950 3098 tus·
1001 3050 1134 3118 plicando.
1152 3051 1262 3106 bomine
1275 3053 1322 3116 mi,
1335 3051 1499 3105 salutationis
1509 3050 1636 3121 obsequia
1651 3052 1727 3120 piena
1741 3050 1791 3104 iau·

161 3139 229 3207 anni,
240 3136 378 3208 splendida
389 3138 561 3192 conscientie
573 3138 719 3191 serenitate
734 3136 880 3206 detergeat.
891 3120 987 3191 Jatlc
1005 3142 1116 3197 utilitate
1130 3143 1299 3214 porsolvens,
1313 3142 1442 3212 deprecor
1456 3152 1484 3198 ut
1501 3142 1570 3198 circa
1585 3145 1724 3198 memorati
1739 3159 1789 3199 uo-

161 3229 223 3284 nori
237 3228 297 3298 quia
312 3242 365 3281 noo
390 3227 563 3282 raeticarum
579 3226 727 3280 tunduntur
749 3226 865 3281 lamenta
888 3240 951 3296 pec·
1003 3233 1063 3288 bilis
1074 3232 1123 3289 riri
1137 3233 1297 3305 compendia
1314 3236 1457 3302 pudorem,
1473 3235 1555 3305 leges.
1569 3249 1601 3289 ac
1614 3235 1713 3304 reliqua
1729 3250 1790 3303 onae

161 3319 289 3374 cantium.
306 3317 361 3371 iloc
374 3316 440 3370 milri
454 3316 573 3386 principe
587 3317 647 3371 loco
659 3317 746 3370 oratio
758 3331 816 3371 mea
828 3358 835 3380 ,
850 3318 902 3372 boc
914 3317 952 3372 la·
1003 3337 1050 3392 per
1063 3323 1252 3379 conscientiam
1265 3336 1381 3380 vestram
1398 3327 1562 3391 subsistunt,
1575 3325 1729 3395 reipublice
1740 3340 1789 3381 or·

161 3424 259 3481 crymae
273 3407 456 3472 constaturam,
472 3417 501 3460 at
515 3406 641 3463 robustus
654 3421 703 3477 pro
716 3422 759 3462 ane
770 3416 892 3475 precator
905 3423 952 3464 es·
1002 3423 1125 3467 aramenta
1140 3389 1366 3468 oculatissimo.

161 3513 299 3570 stirpares,
321 3509 350 3552 ut
372 3496 521 3552 labantibus
545 3495 664 3550 laumeris
687 3496 791 3551 coelesti
820 3496 964 3553 naniam
1281 3504 1445 3561 bt‘tslbba
1464 3507 1504 3562 t'l.

161 3587 262 3643 auxilio
282 3586 418 3641 dostram
441 3585 611 3656 subrogares.
627 3585 725 3640 Verum
751 3595 793 3641 est
814 3588 874 3656 quia
894 3587 950 3643 sola
1259 3610 1386 3649 eaaooaus
1405 3583 1527 3652 scaraio.

161 3679 230 3748 apud
247 3678 329 3734 Deum
344 3677 495 3746 desperatio
507 3677 593 3747 perdit
605 3687 749 3732 errantum.
764 3678 833 3734 Ecce
842 3678 898 3748 jam
910 3680 951 3735 lo·
1035 3683 1151 3751 Credidi,
1165 3696 1301 3756 potquam
1317 3688 1470 3759 magnitudo
1485 3698 1571 3744 restra
1586 3689 1661 3744 bonis
1675 3698 1717 3744 est
1731 3691 1783 3744 ina·

162 3769 226 3824 lium
242 3779 378 3836 nostruin,
402 3768 486 3836 spine
501 3769 541 3823 ael
557 3768 665 3833 tribuli,
681 3768 948 3839 burdam-triticam,
1000 3794 1081 3849 pensu
1096 3780 1283 3848 generalibus,
1306 3790 1334 3835 ea
1354 3783 1437 3835 orium
1460 3781 1582 3852 migrauit
1604 3783 1629 3837 iu
1651 3782 1785 3852 pluriam

161 3861 252 3916 lineis
266 3861 436 3930 pollicentur.
455 3860 529 3929 38⁰,
550 3860 634 3922 siecle
649 3861 711 3928 ⁰⁰5.
734 3877 782 3932 1³1⁰
798 3879 840 3919 nte
856 3864 950 3920 huntffi
1000 3878 1139 3940 postqaaam
1151 3869 1349 3925 Raaeiuratibus
1359 3871 1479 3925 excubiis
1489 3873 1620 3940 occupati,
1634 3871 1696 3926 dum
1712 3872 1787 3941 quie-

160 3949 232 4022 qttod
246 3950 367 4019 coepisti3
382 3959 410 4004 ct
429 3950 550 4020 partibus
565 3951 616 4006 tuis
634 3949 743 4019 adesto,
761 3953 823 4007 dum
840 3969 948 4022 precum
1000 3971 1052 4014 tem
1069 3970 1185 4016 restrum
1204 3959 1352 4031 aregiigitis,
1368 3972 1487 4016 nostram
1502 3962 1574 4016 omrai
1590 3961 1723 4016 soliditate
1739 3962 1786 4015 ilr-
1810 3947 1813 3953 ’

160 4041 188 4096 in
203 4055 246 4096 me
259 4039 415 4094 assiduitate
433 4038 526 4107 diluis,
550 4039 689 4110 quodego
711 4041 806 4113 collegi
828 4043 949 4098 ubertate
1000 4051 1091 4114 matis;
1106 4058 1133 4103 ct
1150 4048 1269 4118 priaatos
1283 4052 1375 4120 genius
1396 4051 1428 4105 ad
1445 4052 1518 4120 rogari
1534 4051 1630 4105 decora
1648 4049 1785 4115 traaasirit;

158 4138 309 4206 culparum.
323 4133 517 4205 Frequentibus
531 4135 611 4190 eriam
623 4146 776 4205 susceptum
793 4151 872 4207 pasce
894 4137 948 4192 cal·
998 4140 1104 4208 quando
1117 4156 1210 4194 novam
1225 4140 1322 4207 lucem,
1338 4143 1371 4197 de
1381 4142 1535 4198 domesticis
1547 4138 1706 4198 abstraitam
1722 4143 1787 4197 siui-

160 4228 275 4298 loouiis:
293 4237 321 4284 ut
335 4227 464 4284 insulsum
478 4237 581 4299 matus,
597 4228 851 4285 saeculiarirtutum
866 4230 949 4286 stabi·
999 4230 1061 4296 iras,
1085 4228 1219 4285 Palatinus
1238 4232 1287 4286 sibi
1311 4232 1396 4303 lulgor
1419 4233 1531 4303 adjecit:
1556 4246 1583 4289 et
1605 4235 1785 4306 aragustiorem

160 4320 234 4374 litate
246 4320 399 4385 subnixum,
414 4319 603 4375 admonitionis
616 4320 672 4376 sale
686 4320 830 4377 consortes.
848 4322 888 4378 ad
900 4319 948 4376 ob·
998 4321 1080 4377 luisse
1095 4322 1168 4391 regni
1192 4322 1232 4378 sui
1254 4338 1377 4393 pompam
1401 4340 1490 4380 rerum
1514 4324 1638 4380 domiuus
1657 4340 1717 4380 eum
1737 4339 1787 4380 ros

159 4411 251 4480 senaria
261 4412 427 4467 salutationis
437 4423 568 4477 revertor,
580 4422 606 4466 ct
616 4413 786 4481 epistolarem
798 4423 946 4485 transgres·
999 4429 1052 4487 non
1075 4413 1184 4480 babuit,
1201 4425 1273 4470 recte
1294 4419 1400 4470 metitus
1415 4426 1471 4481 est;
1489 4432 1536 4484 pro
1551 4416 1684 4472 vicinitate
1698 4414 1786 4486 regio·

160 4502 378 4568 amterminum,
394 4517 475 4556 anum
491 4502 562 4556 seirat
576 4502 708 4571 garrulus,
723 4504 770 4558 sed
786 4519 834 4573 pru
848 4518 943 4559 neces·
1000 4521 1078 4572 num,
1098 4505 1201 4560 crebris
1223 4519 1265 4560 me
1283 4504 1455 4560 relevandum
1477 4521 1537 4562 csse
1558 4506 1708 4576 colloquiis.
1732 4505 1785 4561 Sed

160 4592 283 4648 sitatibus
296 4593 464 4664 importunus
478 4591 609 4661 adjungo,
625 4602 653 4646 ut
670 4607 714 4646 aare
726 4592 784 4648 siae
796 4594 947 4649 cessatione
1000 4598 1181 4654 inellacacibus
1201 4596 1259 4666 spei
1282 4612 1349 4652 mea
1374 4597 1492 4653 luserunt
1512 4610 1619 4667 precata
1642 4597 1783 4663 consiliis3

160 4689 263 4737 tamum
275 4685 351 4751 iures
366 4681 501 4752 precibus,
516 4689 643 4750 parantum
655 4681 799 4738 condrmas
812 4683 945 4755 alloquiis.
1000 4691 1085 4744 aaarllas
1096 4689 1204 4758 paginas
1215 4688 1248 4740 ad
1259 4687 1404 4756 diligentiae
1413 4689 1592 4743 testimonium
1604 4703 1679 4743 mens
1689 4703 1783 4742 serena

160 4772 236 4826 Vile·
999 4779 1163 4836 transmittit.
1178 4777 1336 4844 Graecast,
1352 4779 1375 4834 si
1397 4793 1516 4833 amorem
1532 4795 1584 4833 raou
1606 4779 1689 4834 merui
1704 4796 1712 4834 s
1726 4795 1782 4849 gra-

438 4864 602 4922 trastulit
622 4865 667 4921 li.
999 4872 1072 4937 rius,
1091 4869 1113 4924 si
1137 4883 1214 4937 quaem
1237 4884 1376 4937 exegeram
1392 4869 1460 4923 lorte
1482 4869 1596 4925 turbari.
1612 4869 1675 4924 Scio
1696 4883 1801 4932 samso.

244 4968 383 5009 tassetan
402 4971 537 5013 urrsroaaa
556 4975 627 5022 oritas
647 4975 703 5014 arsa
723 4975 852 5017 armaria.
996 4962 1054 5014 trac
1075 4959 1283 5029 congruentibus
1310 4958 1415 5014 acritad
1440 4959 1640 5014 excusationum
1668 4958 1782 5020 nubibus

445 5064 542 5103 rasam
560 5065 652 5105 annon.
995 5063 1057 5104 esse
1073 5046 1232 5103 claudenda.
1249 5047 1278 5100 ln
1293 5047 1404 5116 privabo
1419 5047 1532 5103 investiri
1548 5062 1658 5102 massera
1679 5047 1779 5103 littera·

191 5133 318 5201 Quamvis
332 5141 483 5192 summatim
501 5142 613 5208 aratiam
628 5142 709 5214 aliqui
728 5141 842 5198 demant
861 5145 942 5201 eciam
995 5155 1054 5194 rum
1070 5155 1076 5191 :
1092 5154 1145 5192 nan
1161 5151 1234 5193 rece
1248 5137 1282 5193 ab
1296 5138 1432 5206 occupatis
1446 5139 1495 5192 ista
1514 5139 1636 5210 disquiri.
1652 5137 1705 5193 Sed
1721 5136 1785 5198 niori

155 5223 232 5280 malis
245 5226 271 5279 in
283 5223 424 5282 'adectiuue
438 5229 609 5299 pignoribus,
624 5248 673 5288 nec
689 5234 751 5289 iilud
765 5233 835 5304 qraod
851 5247 941 5306 paiste.
995 5229 1098 5285 sirmam
1115 5229 1142 5283 iu
1159 5229 1298 5284 allectione
1312 5228 1501 5284 conscientiam
1516 5229 1586 5284 inter
1600 5229 1701 5300 queris
1718 5244 1784 5297 pun·

154 5315 225 5368 ritati
247 5315 371 5371 tribuitur
392 5316 567 5381 bencdciurn.
592 5332 698 5389 putetur
721 5339 779 5378 asse
797 5323 849 5380 deb
861 5335 916 5382 tum
931 5344 938 5380 :
995 5323 1058 5375 dora
1073 5322 1222 5376 eladaersa
1237 5321 1383 5375 districtam
1396 5320 1485 5375 debita
1499 5336 1545 5375 sua
1560 5321 1654 5390 gratiae
1667 5335 1720 5374 nora
1737 5334 1782 5376 are·

152 5421 214 5460 carn
228 5407 359 5478 naaiignus
374 5408 504 5477 interpres
514 5410 642 5479 judicium
658 5415 747 5468 cordis
760 5427 861 5472 naturae
873 5421 937 5472 sub-
993 5426 1066 5480 ltdie-
1082 5410 1157 5465 Nunc
1170 5411 1231 5464 ⁰0¹⁰
1244 5423 1304 5463 ⁶⁸⁸⁰
1318 5408 1445 5480 lil¹¹ffid¹¹⁸
1459 5410 1485 5465 5¹¹
1498 5411 1624 5481 limen&
1638 5411 1780 5467 ⁵²¹¹¹¹³⁸⁵⁰

152 5496 192 5548 dra
207 5498 341 5568 imperiis,
355 5509 382 5554 et
404 5500 500 5555 tollens
516 5515 639 5570 saporem
653 5503 811 5575 diligentiae,
826 5509 883 5563 sola
898 5506 938 5562 ai·
994 5502 1035 5555 nis
1051 5505 1226 5556 reverentiam
1242 5500 1365 5565 solvens,
1383 5500 1523 5569 deprecor,
1541 5509 1569 5557 ut
1583 5501 1784 5571 suggestionem

154 5585 267 5639 acardum
281 5597 355 5656 putet
368 5590 518 5659 objectione
534 5590 652 5660 pariendi
666 5610 673 5646 :
689 5595 795 5663 parando
809 5595 868 5665 plus
879 5612 937 5652 crc-
993 5610 1070 5663 qraaoa
1086 5596 1154 5663 apud
1178 5610 1224 5648 ros
1239 5593 1391 5661 deposaaeait
1414 5595 1586 5663 presentiam
1609 5592 1781 5666 pontiscursi

151 5674 223 5730 ditur
239 5677 284 5731 lilii
300 5682 456 5738 uocabulum
469 5684 557 5738 ualere
571 5697 648 5752 qaaaan
664 5685 698 5738 ob
713 5691 831 5755 cipriiaan,
846 5697 872 5741 ct
884 5702 935 5740 ιιιιιι
993 5687 1107 5740 rotiraaru
1124 5687 1275 5748 perducatis
1288 5687 1420 5742 ellestram.
