<?xml version="1.0" encoding="UTF-8"?>
<!DOCTYPE html PUBLIC "-//W3C//DTD XHTML 1.0 Transitional//EN"
    "http://www.w3.org/TR/xhtml1/DTD/xhtml1-transitional.dtd">
<html xmlns="http://www.w3.org/1999/xhtml" xml:lang="en" lang="en">
 <head>
  <title>
</title>
<meta http-equiv="Content-Type" content="text/html;charset=utf-8" />
  <meta name='ocr-system' content='tesseract 3.04.00' />
  <meta name='ocr-capabilities' content='ocr_page ocr_carea ocr_par ocr_line ocrx_word'/>
</head>
<body>
  <div class='ocr_page' id='page_1' title='image "./patrologiaecurs47unkngoog_0242.png"; bbox 0 0 3906 6180; ppageno 0'>
   <div class='ocr_carea' id='block_1_1' title="bbox 110 258 1755 367">
    <p class='ocr_par' dir='ltr' id='par_1_1' title="bbox 110 258 1755 367">
     <span class='ocr_line' id='line_1_1' title="bbox 110 258 1755 367; baseline 0.001 -2"><span class='ocrx_word' id='word_1_1' title='bbox 110 301 165 365; x_wconf 84' lang='lat' dir='ltr'><strong>tea</strong></span> <span class='ocrx_word' id='word_1_2' title='bbox 701 303 878 364; x_wconf 74' lang='lat' dir='ltr'><strong>rannone</strong></span> <span class='ocrx_word' id='word_1_3' title='bbox 898 302 944 364; x_wconf 85' lang='lat' dir='ltr'><strong>ur</strong></span> <span class='ocrx_word' id='word_1_4' title='bbox 961 303 1132 367; x_wconf 70' lang='lat' dir='ltr'><strong>armare</strong></span> <span class='ocrx_word' id='word_1_5' title='bbox 1329 258 1333 264; x_wconf 38' lang='lat'>⁵</span> <span class='ocrx_word' id='word_1_6' title='bbox 1696 301 1755 367; x_wconf 78' lang='lat' dir='ltr'><strong>rte·</strong></span> 
     </span>
    </p>
   </div>
   <div class='ocr_carea' id='block_1_2' title="bbox 88 416 1757 2616">
    <p class='ocr_par' dir='ltr' id='par_1_2' title="bbox 88 416 1757 2616">
     <span class='ocr_line' id='line_1_2' title="bbox 114 416 1753 489; baseline 0.002 -12"><span class='ocrx_word' id='word_1_7' title='bbox 114 435 164 480; x_wconf 90' lang='lat' dir='ltr'><strong>eos</strong></span> <span class='ocrx_word' id='word_1_8' title='bbox 178 418 213 476; x_wconf 87' lang='lat' dir='ltr'><strong>de</strong></span> <span class='ocrx_word' id='word_1_9' title='bbox 234 416 360 474; x_wconf 81' lang='lat' dir='ltr'><strong>matribus</strong></span> <span class='ocrx_word' id='word_1_10' title='bbox 373 417 532 486; x_wconf 88' lang='lat' dir='ltr'><strong>eorum,ihi</strong></span> <span class='ocrx_word' id='word_1_11' title='bbox 547 418 701 489; x_wconf 88' lang='lat' dir='ltr'><strong>perierant:</strong></span> <span class='ocrx_word' id='word_1_12' title='bbox 718 420 821 476; x_wconf 88' lang='lat' dir='ltr'><strong>liberati</strong></span> <span class='ocrx_word' id='word_1_13' title='bbox 844 428 906 478; x_wconf 87' lang='lat' dir='ltr'><strong>sunt</strong></span> <span class='ocrx_word' id='word_1_14' title='bbox 919 422 945 482; x_wconf 77' lang='grc' dir='ltr'>Α</span> <span class='ocrx_word' id='word_1_15' title='bbox 959 422 1033 475; x_wconf 88' lang='lat' dir='ltr'><strong>sonis</strong></span> <span class='ocrx_word' id='word_1_16' title='bbox 1052 420 1165 477; x_wconf 84' lang='lat' dir='ltr'><strong>intentio</strong></span> <span class='ocrx_word' id='word_1_17' title='bbox 1186 419 1337 477; x_wconf 67' lang='lat' dir='ltr'><strong>dilectionis</strong></span> <span class='ocrx_word' id='word_1_18' title='bbox 1352 427 1452 478; x_wconf 80' lang='lat' dir='ltr'><strong>rmtrn</strong></span> <span class='ocrx_word' id='word_1_19' title='bbox 1472 420 1649 478; x_wconf 69' lang='lat' dir='ltr'><strong>vehomenter</strong></span> <span class='ocrx_word' id='word_1_20' title='bbox 1670 421 1753 481; x_wconf 63' lang='lat' dir='ltr'><strong>mist</strong></span> 
     </span>
     <span class='ocr_line' id='line_1_3' title="bbox 111 508 1753 582; baseline -0.001 -13"><span class='ocrx_word' id='word_1_21' title='bbox 111 522 218 578; x_wconf 89' lang='lat' dir='ltr'><strong>tamen,</strong></span> <span class='ocrx_word' id='word_1_22' title='bbox 232 508 368 580; x_wconf 83' lang='lat' dir='ltr'><strong>quomodo</strong></span> <span class='ocrx_word' id='word_1_23' title='bbox 380 508 490 575; x_wconf 87' lang='lat' dir='ltr'><strong>dicitur,</strong></span> <span class='ocrx_word' id='word_1_24' title='bbox 505 509 566 580; x_wconf 81' lang='lat' dir='ltr'><strong>quia</strong></span> <span class='ocrx_word' id='word_1_25' title='bbox 585 525 679 565; x_wconf 91' lang='lat' dir='ltr'><strong>manus</strong></span> <span class='ocrx_word' id='word_1_26' title='bbox 694 511 798 579; x_wconf 90' lang='lat' dir='ltr'><strong>publica</strong></span> <span class='ocrx_word' id='word_1_27' title='bbox 813 527 909 582; x_wconf 87' lang='lat' dir='ltr'><strong>super·</strong></span> <span class='ocrx_word' id='word_1_28' title='bbox 959 512 1124 567; x_wconf 74' lang='lat' dir='ltr'><strong>incumbere.</strong></span> <span class='ocrx_word' id='word_1_29' title='bbox 1145 511 1211 567; x_wconf 87' lang='lat' dir='ltr'><strong>Nam</strong></span> <span class='ocrx_word' id='word_1_30' title='bbox 1238 511 1302 581; x_wconf 81' lang='lat' dir='ltr'><strong>uuiti</strong></span> <span class='ocrx_word' id='word_1_31' title='bbox 1328 511 1440 579; x_wconf 86' lang='lat' dir='ltr'><strong>prodest</strong></span> <span class='ocrx_word' id='word_1_32' title='bbox 1462 512 1610 568; x_wconf 71' lang='lat' dir='ltr'><strong>Ecclesiam</strong></span> <span class='ocrx_word' id='word_1_33' title='bbox 1634 512 1753 568; x_wconf 83' lang='lat' dir='ltr'><strong>redinte-¹</strong></span> 
     </span>
     <span class='ocr_line' id='line_1_4' title="bbox 114 601 1750 673; baseline -0.001 -15"><span class='ocrx_word' id='word_1_34' title='bbox 114 603 202 670; x_wconf 90' lang='lat' dir='ltr'><strong>renit,</strong></span> <span class='ocrx_word' id='word_1_35' title='bbox 215 615 276 672; x_wconf 79' lang='lat' dir='ltr'><strong>qua</strong></span> <span class='ocrx_word' id='word_1_36' title='bbox 288 615 336 657; x_wconf 89' lang='lat' dir='ltr'><strong>eos</strong></span> <span class='ocrx_word' id='word_1_37' title='bbox 346 615 442 657; x_wconf 88' lang='lat' dir='ltr'><strong>eruere</strong></span> <span class='ocrx_word' id='word_1_38' title='bbox 454 602 550 671; x_wconf 88' lang='lat' dir='ltr'><strong>potuit.</strong></span> <span class='ocrx_word' id='word_1_39' title='bbox 565 601 616 656; x_wconf 88' lang='lat' dir='ltr'><strong>ista</strong></span> <span class='ocrx_word' id='word_1_40' title='bbox 628 609 655 657; x_wconf 90' lang='lat' dir='ltr'><strong>et</strong></span> <span class='ocrx_word' id='word_1_41' title='bbox 668 601 780 657; x_wconf 88' lang='lat' dir='ltr'><strong>istorum</strong></span> <span class='ocrx_word' id='word_1_42' title='bbox 800 605 908 660; x_wconf 85' lang='lat' dir='ltr'><strong>concin·</strong></span> <span class='ocrx_word' id='word_1_43' title='bbox 959 618 1060 673; x_wconf 76' lang='lat' dir='ltr'><strong>grasse,</strong></span> <span class='ocrx_word' id='word_1_44' title='bbox 1079 603 1103 658; x_wconf 90' lang='lat' dir='ltr'><strong>si</strong></span> <span class='ocrx_word' id='word_1_45' title='bbox 1116 604 1150 658; x_wconf 92' lang='lat' dir='ltr'><strong>ab</strong></span> <span class='ocrx_word' id='word_1_46' title='bbox 1163 604 1222 670; x_wconf 81' lang='lat' dir='ltr'><strong>ejrrs</strong></span> <span class='ocrx_word' id='word_1_47' title='bbox 1242 616 1355 671; x_wconf 85' lang='lat' dir='ltr'><strong>corpore</strong></span> <span class='ocrx_word' id='word_1_48' title='bbox 1368 601 1525 658; x_wconf 71' lang='lat' dir='ltr'><strong>sacerdotes</strong></span> <span class='ocrx_word' id='word_1_49' title='bbox 1541 602 1680 658; x_wconf 86' lang='lat' dir='ltr'><strong>rideamus</strong></span> <span class='ocrx_word' id='word_1_50' title='bbox 1699 618 1750 658; x_wconf 85' lang='lat' dir='ltr'><strong>er·</strong></span> 
     </span>
     <span class='ocr_line' id='line_1_5' title="bbox 109 693 1755 764; baseline -0.001 -12"><span class='ocrx_word' id='word_1_51' title='bbox 109 704 237 752; x_wconf 76' lang='lat' dir='ltr'><strong>nements</strong></span> <span class='ocrx_word' id='word_1_52' title='bbox 249 693 379 750; x_wconf 82' lang='lat' dir='ltr'><strong>Dorothei</strong></span> <span class='ocrx_word' id='word_1_53' title='bbox 391 693 492 749; x_wconf 92' lang='lat' dir='ltr'><strong>malitia</strong></span> <span class='ocrx_word' id='word_1_54' title='bbox 507 693 656 758; x_wconf 83' lang='lat' dir='ltr'><strong>iabriearit,</strong></span> <span class='ocrx_word' id='word_1_55' title='bbox 668 694 783 764; x_wconf 85' lang='lat' dir='ltr'><strong>qttiante</strong></span> <span class='ocrx_word' id='word_1_56' title='bbox 798 694 908 750; x_wconf 84' lang='lat' dir='ltr'><strong>biduum</strong></span> <span class='ocrx_word' id='word_1_57' title='bbox 959 704 1083 760; x_wconf 84' lang='lat' dir='ltr'><strong>trancas,</strong></span> <span class='ocrx_word' id='word_1_58' title='bbox 1099 709 1169 764; x_wconf 79' lang='lat' dir='ltr'><strong>unus</strong></span> <span class='ocrx_word' id='word_1_59' title='bbox 1186 694 1213 751; x_wconf 94' lang='lat' dir='ltr'><strong>iu</strong></span> <span class='ocrx_word' id='word_1_60' title='bbox 1231 706 1350 751; x_wconf 70' lang='lat' dir='ltr'><strong>namnam</strong></span> <span class='ocrx_word' id='word_1_61' title='bbox 1374 693 1593 751; x_wconf 86' lang='lat' dir='ltr'><strong>communionem</strong></span> <span class='ocrx_word' id='word_1_62' title='bbox 1615 708 1662 749; x_wconf 87' lang='lat' dir='ltr'><strong>res</strong></span> <span class='ocrx_word' id='word_1_63' title='bbox 1676 702 1755 751; x_wconf 81' lang='lat' dir='ltr'><strong>eante</strong></span> 
     </span>
     <span class='ocr_line' id='line_1_6' title="bbox 109 783 1753 867; baseline -0.002 -24"><span class='ocrx_word' id='word_1_64' title='bbox 109 803 188 860; x_wconf 82' lang='lat' dir='ltr'><strong>quam</strong></span> <span class='ocrx_word' id='word_1_65' title='bbox 204 786 379 856; x_wconf 83' lang='lat' dir='ltr'><strong>pervenirent</strong></span> <span class='ocrx_word' id='word_1_66' title='bbox 401 785 487 840; x_wconf 85' lang='lat' dir='ltr'><strong>nostri</strong></span> <span class='ocrx_word' id='word_1_67' title='bbox 508 784 727 840; x_wconf 80' lang='lat' dir='ltr'><strong>Thessalonicam</strong></span> <span class='ocrx_word' id='word_1_68' title='bbox 749 800 831 867; x_wconf 78' lang='lat' dir='ltr'><strong>super</strong></span> <span class='ocrx_word' id='word_1_69' title='bbox 854 783 910 841; x_wconf 87' lang='lat' dir='ltr'><strong>dnn</strong></span> <span class='ocrx_word' id='word_1_70' title='bbox 959 794 1005 839; x_wconf 91' lang='lat' dir='ltr'><strong>aut</strong></span> <span class='ocrx_word' id='word_1_71' title='bbox 1015 785 1210 843; x_wconf 79' lang='lat' dir='ltr'><strong>rationabiliter</strong></span> <span class='ocrx_word' id='word_1_72' title='bbox 1221 800 1274 841; x_wconf 85' lang='lat' dir='ltr'><strong>nou</strong></span> <span class='ocrx_word' id='word_1_73' title='bbox 1284 785 1499 855; x_wconf 78' lang='lat' dir='ltr'><strong>ignorastisesse</strong></span> <span class='ocrx_word' id='word_1_74' title='bbox 1507 784 1753 855; x_wconf 80' lang='lat' dir='ltr'><strong>msceptosttlnde</strong></span> 
     </span>
     <span class='ocr_line' id='line_1_7' title="bbox 88 876 1754 949; baseline -0.002 -13"><span class='ocrx_word' id='word_1_75' title='bbox 88 945 90 947; x_wconf 44' lang='grc'><strong>,</strong></span> <span class='ocrx_word' id='word_1_76' title='bbox 107 880 191 936; x_wconf 88' lang='lat' dir='ltr'><strong>millia</strong></span> <span class='ocrx_word' id='word_1_77' title='bbox 204 879 349 949; x_wconf 83' lang='lat' dir='ltr'><strong>baptizarit</strong></span> <span class='ocrx_word' id='word_1_78' title='bbox 362 895 369 931; x_wconf 92' lang='lat'><strong>:</strong></span> <span class='ocrx_word' id='word_1_79' title='bbox 384 881 575 933; x_wconf 75' lang='lat' dir='ltr'><strong>&#39;sacramenta</strong></span> <span class='ocrx_word' id='word_1_80' title='bbox 589 887 664 934; x_wconf 84' lang='lat' dir='ltr'><strong>tanta</strong></span> <span class='ocrx_word' id='word_1_81' title='bbox 685 880 806 949; x_wconf 70' lang='lat' dir='ltr'><strong>erogarit</strong></span> <span class='ocrx_word' id='word_1_82' title='bbox 821 880 848 934; x_wconf 91' lang='lat' dir='ltr'><strong>in</strong></span> <span class='ocrx_word' id='word_1_83' title='bbox 859 893 908 949; x_wconf 92' lang='lat' dir='ltr'><strong>po·</strong></span> <span class='ocrx_word' id='word_1_84' title='bbox 960 892 1013 933; x_wconf 89' lang='lat' dir='ltr'><strong>non</strong></span> <span class='ocrx_word' id='word_1_85' title='bbox 1029 876 1125 933; x_wconf 81' lang='lat' dir='ltr'><strong>ieviter</strong></span> <span class='ocrx_word' id='word_1_86' title='bbox 1137 892 1187 932; x_wconf 86' lang='lat' dir='ltr'><strong>nos</strong></span> <span class='ocrx_word' id='word_1_87' title='bbox 1207 891 1252 932; x_wconf 87' lang='lat' dir='ltr'><strong>res</strong></span> <span class='ocrx_word' id='word_1_88' title='bbox 1265 877 1316 932; x_wconf 77' lang='lat' dir='ltr'><strong>ista</strong></span> <span class='ocrx_word' id='word_1_89' title='bbox 1331 877 1485 945; x_wconf 86' lang='lat' dir='ltr'><strong>contristat,</strong></span> <span class='ocrx_word' id='word_1_90' title='bbox 1501 877 1524 935; x_wconf 84' lang='lat' dir='ltr'><strong>si</strong></span> <span class='ocrx_word' id='word_1_91' title='bbox 1539 877 1573 936; x_wconf 88' lang='lat' dir='ltr'><strong>ab</strong></span> <span class='ocrx_word' id='word_1_92' title='bbox 1589 877 1631 934; x_wconf 85' lang='lat' dir='ltr'><strong>his</strong></span> <span class='ocrx_word' id='word_1_93' title='bbox 1645 879 1692 948; x_wconf 80' lang='lat' dir='ltr'><strong>uni</strong></span> <span class='ocrx_word' id='word_1_94' title='bbox 1706 891 1754 933; x_wconf 85' lang='lat' dir='ltr'><strong>ec·</strong></span> 
     </span>
     <span class='ocr_line' id='line_1_8' title="bbox 108 969 1751 1044; baseline -0.002 -17"><span class='ocrx_word' id='word_1_95' title='bbox 108 972 184 1044; x_wconf 91' lang='lat' dir='ltr'><strong>pulo,</strong></span> <span class='ocrx_word' id='word_1_96' title='bbox 201 986 260 1044; x_wconf 79' lang='lat' dir='ltr'><strong>rprae</strong></span> <span class='ocrx_word' id='word_1_97' title='bbox 275 970 380 1041; x_wconf 76' lang='lat' dir='ltr'><strong>possint</strong></span> <span class='ocrx_word' id='word_1_98' title='bbox 393 969 460 1040; x_wconf 90' lang='lat' dir='ltr'><strong>ipsis</strong></span> <span class='ocrx_word' id='word_1_99' title='bbox 474 970 507 1025; x_wconf 83' lang='lat' dir='ltr'><strong>ari</strong></span> <span class='ocrx_word' id='word_1_100' title='bbox 522 979 643 1042; x_wconf 88' lang='lat' dir='ltr'><strong>tempora</strong></span> <span class='ocrx_word' id='word_1_101' title='bbox 663 972 802 1037; x_wconf 89' lang='lat' dir='ltr'><strong>suiilcere,</strong></span> <span class='ocrx_word' id='word_1_102' title='bbox 827 971 908 1042; x_wconf 73' lang='lat' dir='ltr'><strong>signi·</strong></span> <span class='ocrx_word' id='word_1_103' title='bbox 959 970 1166 1040; x_wconf 81' lang='lat' dir='ltr'><strong>disaponollee</strong></span> <span class='ocrx_word' id='word_1_104' title='bbox 1176 970 1392 1040; x_wconf 83' lang='lat' dir='ltr'><strong>praedicationem</strong></span> <span class='ocrx_word' id='word_1_105' title='bbox 1408 979 1565 1040; x_wconf 78' lang='lat' dir='ltr'><strong>sequnntur,</strong></span> <span class='ocrx_word' id='word_1_106' title='bbox 1578 972 1751 1041; x_wconf 72' lang='lat' dir='ltr'><strong>negligantur</strong></span> 
     </span>
     <span class='ocr_line' id='line_1_9' title="bbox 108 1062 1754 1134; baseline -0.003 -13"><span class='ocrx_word' id='word_1_107' title='bbox 108 1066 193 1121; x_wconf 86' lang='lat' dir='ltr'><strong>Dcans</strong></span> <span class='ocrx_word' id='word_1_108' title='bbox 210 1063 353 1134; x_wconf 76' lang='lat' dir='ltr'><strong>plebicula</strong></span> <span class='ocrx_word' id='word_1_109' title='bbox 379 1063 447 1118; x_wconf 86' lang='lat' dir='ltr'><strong>ildcs</strong></span> <span class='ocrx_word' id='word_1_110' title='bbox 461 1073 534 1118; x_wconf 90' lang='lat' dir='ltr'><strong>recta</strong></span> <span class='ocrx_word' id='word_1_111' title='bbox 548 1072 675 1119; x_wconf 91' lang='lat' dir='ltr'><strong>mutatur.</strong></span> <span class='ocrx_word' id='word_1_112' title='bbox 700 1063 752 1119; x_wconf 88' lang='lat' dir='ltr'><strong>ista</strong></span> <span class='ocrx_word' id='word_1_113' title='bbox 771 1064 909 1134; x_wconf 81' lang='lat' dir='ltr'><strong>quomodo</strong></span> <span class='ocrx_word' id='word_1_114' title='bbox 959 1063 1045 1133; x_wconf 86' lang='lat' dir='ltr'><strong>quiin</strong></span> <span class='ocrx_word' id='word_1_115' title='bbox 1062 1063 1121 1131; x_wconf 81' lang='lat' dir='ltr'><strong>ejus</strong></span> <span class='ocrx_word' id='word_1_116' title='bbox 1145 1063 1197 1117; x_wconf 84' lang='lat' dir='ltr'><strong>iitie</strong></span> <span class='ocrx_word' id='word_1_117' title='bbox 1221 1071 1247 1116; x_wconf 92' lang='lat' dir='ltr'><strong>ct</strong></span> <span class='ocrx_word' id='word_1_118' title='bbox 1268 1076 1401 1117; x_wconf 88' lang='lat' dir='ltr'><strong>consensu</strong></span> <span class='ocrx_word' id='word_1_119' title='bbox 1420 1062 1521 1130; x_wconf 88' lang='lat' dir='ltr'><strong>recepti</strong></span> <span class='ocrx_word' id='word_1_120' title='bbox 1543 1071 1615 1115; x_wconf 82' lang='lat' dir='ltr'><strong>suin.</strong></span> <span class='ocrx_word' id='word_1_121' title='bbox 1639 1062 1754 1133; x_wconf 78' lang='lat' dir='ltr'><strong>ideirco,</strong></span> 
     </span>
     <span class='ocr_line' id='line_1_10' title="bbox 108 1153 1752 1227; baseline -0.002 -14"><span class='ocrx_word' id='word_1_122' title='bbox 108 1174 162 1215; x_wconf 92' lang='lat' dir='ltr'><strong>non</strong></span> <span class='ocrx_word' id='word_1_123' title='bbox 177 1157 328 1212; x_wconf 80' lang='lat' dir='ltr'><strong>habuerant</strong></span> <span class='ocrx_word' id='word_1_124' title='bbox 340 1155 460 1212; x_wconf 82' lang='lat' dir='ltr'><strong>excitare</strong></span> <span class='ocrx_word' id='word_1_125' title='bbox 474 1158 600 1226; x_wconf 92' lang='lat' dir='ltr'><strong>populum</strong></span> <span class='ocrx_word' id='word_1_126' title='bbox 614 1153 688 1212; x_wconf 84' lang='lat' dir='ltr'><strong>lisia</strong></span> <span class='ocrx_word' id='word_1_127' title='bbox 704 1172 783 1226; x_wconf 79' lang='lat' dir='ltr'><strong>quem</strong></span> <span class='ocrx_word' id='word_1_128' title='bbox 797 1172 850 1213; x_wconf 91' lang='lat' dir='ltr'><strong>nou</strong></span> <span class='ocrx_word' id='word_1_129' title='bbox 866 1157 909 1213; x_wconf 89' lang='lat' dir='ltr'><strong>in·</strong></span> <span class='ocrx_word' id='word_1_130' title='bbox 960 1157 1142 1214; x_wconf 86' lang='lat' dir='ltr'><strong>sicnt&#39;hortati</strong></span> <span class='ocrx_word' id='word_1_131' title='bbox 1161 1173 1271 1224; x_wconf 84' lang='lat' dir='ltr'><strong>strutus,</strong></span> <span class='ocrx_word' id='word_1_132' title='bbox 1288 1171 1337 1227; x_wconf 86' lang='lat' dir='ltr'><strong>pro</strong></span> <span class='ocrx_word' id='word_1_133' title='bbox 1355 1171 1450 1213; x_wconf 85' lang='lat' dir='ltr'><strong>earnm</strong></span> <span class='ocrx_word' id='word_1_134' title='bbox 1467 1158 1656 1215; x_wconf 83' lang='lat' dir='ltr'><strong>commuuione</strong></span> <span class='ocrx_word' id='word_1_135' title='bbox 1671 1164 1752 1225; x_wconf 84' lang='lat' dir='ltr'><strong>atrpte</strong></span> 
     </span>
     <span class='ocr_line' id='line_1_11' title="bbox 108 1245 1755 1321; baseline -0.003 -17"><span class='ocrx_word' id='word_1_136' title='bbox 108 1251 230 1304; x_wconf 90' lang='lat' dir='ltr'><strong>ritabant</strong></span> <span class='ocrx_word' id='word_1_137' title='bbox 248 1249 282 1304; x_wconf 92' lang='lat' dir='ltr'><strong>ad</strong></span> <span class='ocrx_word' id='word_1_138' title='bbox 307 1249 487 1305; x_wconf 78' lang='lat' dir='ltr'><strong>seditionem?</strong></span> <span class='ocrx_word' id='word_1_139' title='bbox 513 1249 578 1304; x_wconf 79' lang='lat' dir='ltr'><strong>Post</strong></span> <span class='ocrx_word' id='word_1_140' title='bbox 602 1250 654 1308; x_wconf 91' lang='lat' dir='ltr'><strong>hoc</strong></span> <span class='ocrx_word' id='word_1_141' title='bbox 679 1252 765 1321; x_wconf 89' lang='lat' dir='ltr'><strong>ipsum</strong></span> <span class='ocrx_word' id='word_1_142' title='bbox 787 1250 907 1307; x_wconf 90' lang='lat' dir='ltr'><strong>libellum</strong></span> <span class='ocrx_word' id='word_1_143' title='bbox 960 1248 1028 1314; x_wconf 88' lang='lat' dir='ltr'><strong>loco,</strong></span> <span class='ocrx_word' id='word_1_144' title='bbox 1043 1248 1216 1306; x_wconf 84' lang='lat' dir='ltr'><strong>serenissimo</strong></span> <span class='ocrx_word' id='word_1_145' title='bbox 1229 1247 1342 1318; x_wconf 86' lang='lat' dir='ltr'><strong>principi</strong></span> <span class='ocrx_word' id='word_1_146' title='bbox 1355 1245 1755 1308; x_wconf 77' lang='lat' dir='ltr'><strong>uehementerinsisterc:nnrn</strong></span> 
     </span>
     <span class='ocr_line' id='line_1_12' title="bbox 110 1340 1756 1413; baseline 0.002 -17"><span class='ocrx_word' id='word_1_147' title='bbox 110 1356 189 1412; x_wconf 86' lang='lat' dir='ltr'><strong>quem</strong></span> <span class='ocrx_word' id='word_1_148' title='bbox 206 1342 306 1396; x_wconf 89' lang='lat' dir='ltr'><strong>iecerat</strong></span> <span class='ocrx_word' id='word_1_149' title='bbox 321 1356 383 1396; x_wconf 89' lang='lat' dir='ltr'><strong>cunr</strong></span> <span class='ocrx_word' id='word_1_150' title='bbox 397 1343 531 1412; x_wconf 87' lang='lat' dir='ltr'><strong>episcopis</strong></span> <span class='ocrx_word' id='word_1_151' title='bbox 546 1351 609 1399; x_wconf 87' lang='lat' dir='ltr'><strong>ante</strong></span> <span class='ocrx_word' id='word_1_152' title='bbox 624 1344 750 1413; x_wconf 86' lang='lat' dir='ltr'><strong>populum</strong></span> <span class='ocrx_word' id='word_1_153' title='bbox 764 1344 856 1410; x_wconf 83' lang='lat' dir='ltr'><strong>scidit,</strong></span> <span class='ocrx_word' id='word_1_154' title='bbox 867 1343 908 1399; x_wconf 91' lang='lat' dir='ltr'><strong>di·</strong></span> <span class='ocrx_word' id='word_1_155' title='bbox 960 1343 987 1396; x_wconf 88' lang='lat' dir='ltr'><strong>&#39;tn</strong></span> <span class='ocrx_word' id='word_1_156' title='bbox 999 1340 1094 1397; x_wconf 85' lang='lat' dir='ltr'><strong>eadem</strong></span> <span class='ocrx_word' id='word_1_157' title='bbox 1108 1356 1190 1397; x_wconf 82' lang='lat' dir='ltr'><strong>cansa</strong></span> <span class='ocrx_word' id='word_1_158' title='bbox 1203 1341 1312 1398; x_wconf 90' lang='lat' dir='ltr'><strong>domino</strong></span> <span class='ocrx_word' id='word_1_159' title='bbox 1324 1350 1351 1396; x_wconf 90' lang='lat' dir='ltr'><strong>et</strong></span> <span class='ocrx_word' id='word_1_160' title='bbox 1365 1341 1421 1399; x_wconf 79' lang='lat' dir='ltr'><strong>iilia</strong></span> <span class='ocrx_word' id='word_1_161' title='bbox 1435 1349 1528 1398; x_wconf 83' lang='lat' dir='ltr'><strong>nostre</strong></span> <span class='ocrx_word' id='word_1_162' title='bbox 1542 1341 1756 1399; x_wconf 63' lang='lat' dir='ltr'><strong>clementissime</strong></span> 
     </span>
     <span class='ocr_line' id='line_1_13' title="bbox 109 1433 1756 1512; baseline -0.004 -20"><span class='ocrx_word' id='word_1_163' title='bbox 109 1451 175 1492; x_wconf 90' lang='lat' dir='ltr'><strong>cens</strong></span> <span class='ocrx_word' id='word_1_164' title='bbox 196 1453 204 1492; x_wconf 76' lang='grc' dir='ltr'><strong>ε</strong></span> <span class='ocrx_word' id='word_1_165' title='bbox 221 1439 276 1506; x_wconf 75' lang='lat' dir='ltr'><strong>Ego</strong></span> <span class='ocrx_word' id='word_1_166' title='bbox 288 1435 360 1492; x_wconf 88' lang='lat' dir='ltr'><strong>istud</strong></span> <span class='ocrx_word' id='word_1_167' title='bbox 376 1451 459 1508; x_wconf 82' lang='lat' dir='ltr'><strong>usque</strong></span> <span class='ocrx_word' id='word_1_168' title='bbox 474 1437 507 1492; x_wconf 91' lang='lat' dir='ltr'><strong>ad</strong></span> <span class='ocrx_word' id='word_1_169' title='bbox 528 1448 642 1494; x_wconf 89' lang='lat' dir='ltr'><strong>mortem</strong></span> <span class='ocrx_word' id='word_1_170' title='bbox 659 1454 744 1495; x_wconf 82' lang='lat' dir='ltr'><strong>meam</strong></span> <span class='ocrx_word' id='word_1_171' title='bbox 769 1455 907 1512; x_wconf 84' lang='lat' dir='ltr'><strong>nunquam</strong></span> <span class='ocrx_word' id='word_1_172' title='bbox 961 1433 1074 1504; x_wconf 73' lang='lat' dir='ltr'><strong>principi</strong></span> <span class='ocrx_word' id='word_1_173' title='bbox 1089 1443 1117 1489; x_wconf 90' lang='lat' dir='ltr'><strong>et</strong></span> <span class='ocrx_word' id='word_1_174' title='bbox 1131 1435 1189 1490; x_wconf 91' lang='lat' dir='ltr'><strong>riro</strong></span> <span class='ocrx_word' id='word_1_175' title='bbox 1202 1434 1301 1492; x_wconf 82' lang='lat' dir='ltr'><strong>illustri</strong></span> <span class='ocrx_word' id='word_1_176' title='bbox 1316 1434 1469 1492; x_wconf 80' lang='lat' dir='ltr'><strong>iustiniano</strong></span> <span class='ocrx_word' id='word_1_177' title='bbox 1481 1435 1536 1490; x_wconf 85' lang='lat' dir='ltr'><strong>illia</strong></span> <span class='ocrx_word' id='word_1_178' title='bbox 1548 1443 1641 1491; x_wconf 84' lang='lat' dir='ltr'><strong>nostru</strong></span> <span class='ocrx_word' id='word_1_179' title='bbox 1655 1435 1756 1503; x_wconf 76' lang='lat' dir='ltr'><strong>scripta</strong></span> 
     </span>
     <span class='ocr_line' id='line_1_14' title="bbox 109 1524 1756 1594; baseline 0.001 -11"><span class='ocrx_word' id='word_1_180' title='bbox 109 1527 189 1592; x_wconf 82' lang='lat' dir='ltr'><strong>lario,</strong></span> <span class='ocrx_word' id='word_1_181' title='bbox 202 1543 253 1584; x_wconf 92' lang='lat' dir='ltr'><strong>nec</strong></span> <span class='ocrx_word' id='word_1_182' title='bbox 269 1528 429 1584; x_wconf 88' lang='lat' dir='ltr'><strong>iacientibus</strong></span> <span class='ocrx_word' id='word_1_183' title='bbox 444 1532 595 1585; x_wconf 87' lang='lat' dir='ltr'><strong>consentio.</strong></span> <span class='ocrx_word' id='word_1_184' title='bbox 613 1531 908 1588; x_wconf 89' lang='lat' dir='ltr'><strong>Decideruntethomi-</strong></span> <span class='ocrx_word' id='word_1_185' title='bbox 960 1524 1119 1591; x_wconf 67' lang='lat' dir='ltr'><strong>dimittitis,</strong></span> <span class='ocrx_word' id='word_1_186' title='bbox 1140 1524 1279 1582; x_wconf 57' lang='lat' dir='ltr'><strong>imiimi&amp;</strong></span> <span class='ocrx_word' id='word_1_187' title='bbox 1302 1541 1363 1581; x_wconf 63' lang='lat' dir='ltr'><strong>hiim</strong></span> <span class='ocrx_word' id='word_1_188' title='bbox 1379 1535 1407 1582; x_wconf 80' lang='lat' dir='ltr'><strong>ul</strong></span> <span class='ocrx_word' id='word_1_189' title='bbox 1424 1541 1486 1583; x_wconf 70' lang='lat' dir='ltr'><strong>clim</strong></span> <span class='ocrx_word' id='word_1_190' title='bbox 1509 1536 1611 1591; x_wconf 64' lang='lat' dir='ltr'><strong>lilim·</strong></span> <span class='ocrx_word' id='word_1_191' title='bbox 1626 1536 1756 1594; x_wconf 81' lang='lat' dir='ltr'><strong>onaruum</strong></span> 
     </span>
     <span class='ocr_line' id='line_1_15' title="bbox 109 1616 1757 1694; baseline 0.004 -19"><span class='ocrx_word' id='word_1_192' title='bbox 109 1634 172 1675; x_wconf 91' lang='lat' dir='ltr'><strong>nem</strong></span> <span class='ocrx_word' id='word_1_193' title='bbox 197 1618 352 1693; x_wconf 83' lang='lat' dir='ltr'><strong>(loannem)</strong></span> <span class='ocrx_word' id='word_1_194' title='bbox 374 1623 554 1677; x_wconf 79' lang='lat' dir='ltr'><strong>venerabilem</strong></span> <span class='ocrx_word' id='word_1_195' title='bbox 579 1623 760 1690; x_wconf 84' lang='lat' dir='ltr'><strong>catholicum,</strong></span> <span class='ocrx_word' id='word_1_196' title='bbox 786 1623 831 1694; x_wconf 83' lang='lat' dir='ltr'><strong>qui</strong></span> <span class='ocrx_word' id='word_1_197' title='bbox 858 1639 908 1680; x_wconf 89' lang='lat' dir='ltr'><strong>nos</strong></span> <span class='ocrx_word' id='word_1_198' title='bbox 960 1616 995 1674; x_wconf 73' lang='lat' dir='ltr'><strong>ild</strong></span> <span class='ocrx_word' id='word_1_199' title='bbox 1013 1616 1195 1674; x_wconf 61' lang='lat' dir='ltr'><strong>Eoekiiirum</strong></span> <span class='ocrx_word' id='word_1_200' title='bbox 1215 1633 1326 1675; x_wconf 64' lang='lat' dir='ltr'><strong>illitum</strong></span> <span class='ocrx_word' id='word_1_201' title='bbox 1347 1619 1530 1688; x_wconf 86' lang='lat' dir='ltr'><strong>receptionem</strong></span> <span class='ocrx_word' id='word_1_202' title='bbox 1554 1619 1688 1688; x_wconf 88' lang='lat' dir='ltr'><strong>pertinet,</strong></span> <span class='ocrx_word' id='word_1_203' title='bbox 1709 1618 1757 1675; x_wconf 71' lang='lat' dir='ltr'><strong>de</strong></span> 
     </span>
     <span class='ocr_line' id='line_1_16' title="bbox 108 1710 1757 1786; baseline 0.001 -20"><span class='ocrx_word' id='word_1_204' title='bbox 108 1713 250 1767; x_wconf 78' lang='lat' dir='ltr'><strong>venientes</strong></span> <span class='ocrx_word' id='word_1_205' title='bbox 264 1721 420 1782; x_wconf 82' lang='lat' dir='ltr'><strong>susceperat</strong></span> <span class='ocrx_word' id='word_1_206' title='bbox 433 1715 460 1768; x_wconf 91' lang='lat' dir='ltr'><strong>in</strong></span> <span class='ocrx_word' id='word_1_207' title='bbox 472 1712 553 1769; x_wconf 90' lang='lat' dir='ltr'><strong>domo</strong></span> <span class='ocrx_word' id='word_1_208' title='bbox 569 1715 686 1786; x_wconf 71' lang='lat' dir='ltr'><strong>otranni</strong></span> <span class='ocrx_word' id='word_1_209' title='bbox 704 1730 811 1786; x_wconf 89' lang='lat' dir='ltr'><strong>semper</strong></span> <span class='ocrx_word' id='word_1_210' title='bbox 830 1731 908 1786; x_wconf 89' lang='lat' dir='ltr'><strong>sepa-</strong></span> <span class='ocrx_word' id='word_1_211' title='bbox 961 1712 1042 1766; x_wconf 88' lang='lat' dir='ltr'><strong>beant</strong></span> <span class='ocrx_word' id='word_1_212' title='bbox 1055 1711 1168 1768; x_wconf 83' lang='lat' dir='ltr'><strong>raritate</strong></span> <span class='ocrx_word' id='word_1_213' title='bbox 1183 1720 1309 1769; x_wconf 77' lang='lat' dir='ltr'><strong>tractare.</strong></span> <span class='ocrx_word' id='word_1_214' title='bbox 1324 1711 1362 1768; x_wconf 85' lang='lat' dir='ltr'><strong>De</strong></span> <span class='ocrx_word' id='word_1_215' title='bbox 1373 1710 1583 1771; x_wconf 81' lang='lat' dir='ltr'><strong>norosarticulo</strong></span> <span class='ocrx_word' id='word_1_216' title='bbox 1593 1722 1692 1770; x_wconf 87' lang='lat' dir='ltr'><strong>nostrae</strong></span> <span class='ocrx_word' id='word_1_217' title='bbox 1705 1711 1757 1769; x_wconf 88' lang='lat' dir='ltr'><strong>ad·</strong></span> 
     </span>
     <span class='ocr_line' id='line_1_17' title="bbox 108 1790 1755 1879; baseline -0.001 -20"><span class='ocrx_word' id='word_1_218' title='bbox 108 1813 184 1859; x_wconf 87' lang='lat' dir='ltr'><strong>ratus</strong></span> <span class='ocrx_word' id='word_1_219' title='bbox 199 1803 248 1859; x_wconf 91' lang='lat' dir='ltr'><strong>init</strong></span> <span class='ocrx_word' id='word_1_220' title='bbox 264 1819 279 1858; x_wconf 92' lang='lat' dir='ltr'><strong>a</strong></span> <span class='ocrx_word' id='word_1_221' title='bbox 295 1805 485 1861; x_wconf 87' lang='lat' dir='ltr'><strong>communione</strong></span> <span class='ocrx_word' id='word_1_222' title='bbox 501 1805 629 1862; x_wconf 83' lang='lat' dir='ltr'><strong>Dorothei</strong></span> <span class='ocrx_word' id='word_1_223' title='bbox 649 1818 760 1877; x_wconf 89' lang='lat' dir='ltr'><strong>propter</strong></span> <span class='ocrx_word' id='word_1_224' title='bbox 773 1807 906 1879; x_wconf 82' lang='lat' dir='ltr'><strong>synodum</strong></span> <span class='ocrx_word' id='word_1_225' title='bbox 921 1790 1117 1859; x_wconf 81' lang='lat' dir='ltr'><strong>Bnonitlonis</strong></span> <span class='ocrx_word' id='word_1_226' title='bbox 1140 1803 1310 1870; x_wconf 87' lang='lat' dir='ltr'><strong>suspicamur</strong></span> <span class='ocrx_word' id='word_1_227' title='bbox 1338 1817 1392 1859; x_wconf 88' lang='lat' dir='ltr'><strong>nan</strong></span> <span class='ocrx_word' id='word_1_228' title='bbox 1420 1803 1604 1864; x_wconf 82' lang='lat' dir='ltr'><strong>immemores.</strong></span> <span class='ocrx_word' id='word_1_229' title='bbox 1634 1803 1755 1863; x_wconf 79' lang='lat' dir='ltr'><strong>Diximus</strong></span> 
     </span>
     <span class='ocr_line' id='line_1_18' title="bbox 109 1893 1756 1967; baseline 0.002 -17"><span class='ocrx_word' id='word_1_230' title='bbox 109 1893 376 1953; x_wconf 76' lang='lat' dir='ltr'><strong>chalcedonensem:</strong></span> <span class='ocrx_word' id='word_1_231' title='bbox 392 1899 418 1952; x_wconf 92' lang='lat' dir='ltr'><strong>in</strong></span> <span class='ocrx_word' id='word_1_232' title='bbox 432 1914 485 1967; x_wconf 87' lang='lat' dir='ltr'><strong>rpm</strong></span> <span class='ocrx_word' id='word_1_233' title='bbox 496 1900 574 1954; x_wconf 91' lang='lat' dir='ltr'><strong>talem</strong></span> <span class='ocrx_word' id='word_1_234' title='bbox 588 1908 703 1955; x_wconf 89' lang='lat' dir='ltr'><strong>mortem</strong></span> <span class='ocrx_word' id='word_1_235' title='bbox 715 1909 907 1964; x_wconf 73' lang='lat' dir='ltr'><strong>exercuerunt,</strong></span> <span class='ocrx_word' id='word_1_236' title='bbox 959 1896 1033 1950; x_wconf 91' lang='lat' dir='ltr'><strong>cuim</strong></span> <span class='ocrx_word' id='word_1_237' title='bbox 1050 1894 1289 1964; x_wconf 82' lang='lat' dir='ltr'><strong>quemadmodum,</strong></span> <span class='ocrx_word' id='word_1_238' title='bbox 1301 1895 1419 1952; x_wconf 82' lang='lat' dir='ltr'><strong>exclusis</strong></span> <span class='ocrx_word' id='word_1_239' title='bbox 1430 1895 1646 1963; x_wconf 84' lang='lat' dir='ltr'><strong>occupatoribus,</strong></span> <span class='ocrx_word' id='word_1_240' title='bbox 1661 1894 1700 1961; x_wconf 79' lang='lat' dir='ltr'><strong>iri,</strong></span> <span class='ocrx_word' id='word_1_241' title='bbox 1719 1894 1756 1954; x_wconf 84' lang='lat' dir='ltr'><strong>de</strong></span> 
     </span>
     <span class='ocr_line' id='line_1_19' title="bbox 110 1987 1754 2059; baseline 0.002 -19"><span class='ocrx_word' id='word_1_242' title='bbox 110 1987 218 2056; x_wconf 84' lang='lat' dir='ltr'><strong>qualem</strong></span> <span class='ocrx_word' id='word_1_243' title='bbox 234 1987 272 2042; x_wconf 94' lang='lat' dir='ltr'><strong>ilii</strong></span> <span class='ocrx_word' id='word_1_244' title='bbox 295 1988 340 2059; x_wconf 81' lang='lat' dir='ltr'><strong>qui</strong></span> <span class='ocrx_word' id='word_1_245' title='bbox 355 1998 477 2044; x_wconf 82' lang='lat' dir='ltr'><strong>sanctum</strong></span> <span class='ocrx_word' id='word_1_246' title='bbox 498 1989 647 2046; x_wconf 85' lang='lat' dir='ltr'><strong>Proterium</strong></span> <span class='ocrx_word' id='word_1_247' title='bbox 666 1991 833 2048; x_wconf 88' lang='lat' dir='ltr'><strong>occiderunt.</strong></span> <span class='ocrx_word' id='word_1_248' title='bbox 856 1993 908 2050; x_wconf 87' lang='lat' dir='ltr'><strong>isla</strong></span> <span class='ocrx_word' id='word_1_249' title='bbox 959 1987 1056 2056; x_wconf 84' lang='lat' dir='ltr'><strong>qulbus</strong></span> <span class='ocrx_word' id='word_1_250' title='bbox 1071 1987 1216 2057; x_wconf 83' lang='lat' dir='ltr'><strong>loquimur,</strong></span> <span class='ocrx_word' id='word_1_251' title='bbox 1231 1988 1265 2043; x_wconf 86' lang='lat' dir='ltr'><strong>ad</strong></span> <span class='ocrx_word' id='word_1_252' title='bbox 1282 1989 1404 2058; x_wconf 87' lang='lat' dir='ltr'><strong>proprias</strong></span> <span class='ocrx_word' id='word_1_253' title='bbox 1421 1998 1593 2043; x_wconf 76' lang='lat' dir='ltr'><strong>revertantur</strong></span> <span class='ocrx_word' id='word_1_254' title='bbox 1606 1987 1754 2057; x_wconf 46' lang='lat' dir='ltr'><strong>malatestae,</strong></span> 
     </span>
     <span class='ocr_line' id='line_1_20' title="bbox 110 2078 1756 2157; baseline -0.001 -23"><span class='ocrx_word' id='word_1_255' title='bbox 110 2078 148 2134; x_wconf 88' lang='lat' dir='ltr'><strong>ad</strong></span> <span class='ocrx_word' id='word_1_256' title='bbox 174 2079 413 2138; x_wconf 86' lang='lat' dir='ltr'><strong>clementissimum</strong></span> <span class='ocrx_word' id='word_1_257' title='bbox 447 2083 636 2154; x_wconf 78' lang='lat' dir='ltr'><strong>imperatorem</strong></span> <span class='ocrx_word' id='word_1_258' title='bbox 659 2092 854 2157; x_wconf 78' lang='lat' dir='ltr'><strong>pervenerunt,</strong></span> <span class='ocrx_word' id='word_1_259' title='bbox 881 2094 909 2143; x_wconf 79' lang='lat' dir='ltr'><strong>er</strong></span> <span class='ocrx_word' id='word_1_260' title='bbox 959 2088 989 2135; x_wconf 94' lang='lat' dir='ltr'><strong>ut</strong></span> <span class='ocrx_word' id='word_1_261' title='bbox 999 2079 1037 2134; x_wconf 91' lang='lat' dir='ltr'><strong>ilii</strong></span> <span class='ocrx_word' id='word_1_262' title='bbox 1052 2079 1116 2136; x_wconf 90' lang='lat' dir='ltr'><strong>aiibi</strong></span> <span class='ocrx_word' id='word_1_263' title='bbox 1130 2080 1164 2150; x_wconf 80' lang='lat' dir='ltr'><strong>(si</strong></span> <span class='ocrx_word' id='word_1_264' title='bbox 1177 2088 1265 2135; x_wconf 90' lang='lat' dir='ltr'><strong>tamen</strong></span> <span class='ocrx_word' id='word_1_265' title='bbox 1277 2088 1431 2136; x_wconf 79' lang='lat' dir='ltr'><strong>reetmsunt</strong></span> <span class='ocrx_word' id='word_1_266' title='bbox 1444 2079 1519 2150; x_wconf 83' lang='lat' dir='ltr'><strong>ndei)</strong></span> <span class='ocrx_word' id='word_1_267' title='bbox 1530 2079 1701 2137; x_wconf 86' lang='lat' dir='ltr'><strong>ordinentur.</strong></span> <span class='ocrx_word' id='word_1_268' title='bbox 1717 2078 1756 2139; x_wconf 84' lang='lat' dir='ltr'><strong>Dr</strong></span> 
     </span>
     <span class='ocr_line' id='line_1_21' title="bbox 111 2169 1756 2249; baseline 0.004 -24"><span class='ocrx_word' id='word_1_269' title='bbox 111 2185 200 2242; x_wconf 89' lang='lat' dir='ltr'><strong>prope</strong></span> <span class='ocrx_word' id='word_1_270' title='bbox 214 2172 239 2227; x_wconf 91' lang='lat' dir='ltr'><strong>in</strong></span> <span class='ocrx_word' id='word_1_271' title='bbox 256 2181 306 2228; x_wconf 89' lang='lat' dir='ltr'><strong>tota</strong></span> <span class='ocrx_word' id='word_1_272' title='bbox 331 2175 438 2229; x_wconf 81' lang='lat' dir='ltr'><strong>civitate</strong></span> <span class='ocrx_word' id='word_1_273' title='bbox 466 2176 613 2231; x_wconf 86' lang='lat' dir='ltr'><strong>catholicus</strong></span> <span class='ocrx_word' id='word_1_274' title='bbox 633 2176 723 2232; x_wconf 85' lang='lat' dir='ltr'><strong>luctus</strong></span> <span class='ocrx_word' id='word_1_275' title='bbox 737 2187 780 2233; x_wconf 85' lang='lat' dir='ltr'><strong>est</strong></span> <span class='ocrx_word' id='word_1_276' title='bbox 798 2187 908 2249; x_wconf 87' lang='lat' dir='ltr'><strong>propter</strong></span> <span class='ocrx_word' id='word_1_277' title='bbox 930 2169 1252 2247; x_wconf 74' lang='lat' dir='ltr'><strong>‘personissoptharum</strong></span> <span class='ocrx_word' id='word_1_278' title='bbox 1262 2173 1756 2231; x_wconf 73' lang='lat' dir='ltr'><strong>monachornmturtlrnanusrtrttius</strong></span> 
     </span>
     <span class='ocr_line' id='line_1_22' title="bbox 109 2255 1755 2340; baseline 0.002 -21"><span class='ocrx_word' id='word_1_279' title='bbox 109 2265 175 2319; x_wconf 86' lang='lat' dir='ltr'><strong>talia</strong></span> <span class='ocrx_word' id='word_1_280' title='bbox 188 2255 249 2336; x_wconf 75' lang='lat' dir='ltr'><strong>orrae</strong></span> <span class='ocrx_word' id='word_1_281' title='bbox 262 2265 431 2337; x_wconf 73' lang='lat' dir='ltr'><strong>contigerunt</strong></span> <span class='ocrx_word' id='word_1_282' title='bbox 445 2267 557 2323; x_wconf 90' lang='lat' dir='ltr'><strong>scelera.</strong></span> <span class='ocrx_word' id='word_1_283' title='bbox 579 2266 718 2324; x_wconf 87' lang='lat' dir='ltr'><strong>Promittit</strong></span> <span class='ocrx_word' id='word_1_284' title='bbox 740 2278 834 2324; x_wconf 89' lang='lat' dir='ltr'><strong>sancta</strong></span> <span class='ocrx_word' id='word_1_285' title='bbox 852 2270 908 2326; x_wconf 89' lang='lat' dir='ltr'><strong>cie·</strong></span> <span class='ocrx_word' id='word_1_286' title='bbox 958 2272 1024 2326; x_wconf 86' lang='lat' dir='ltr'><strong>stris</strong></span> <span class='ocrx_word' id='word_1_287' title='bbox 1040 2269 1120 2326; x_wconf 92' lang='lat' dir='ltr'><strong>nohis</strong></span> <span class='ocrx_word' id='word_1_288' title='bbox 1139 2270 1261 2340; x_wconf 85' lang='lat' dir='ltr'><strong>scripsit,</strong></span> <span class='ocrx_word' id='word_1_289' title='bbox 1286 2283 1399 2339; x_wconf 79' lang='lat' dir='ltr'><strong>quarum</strong></span> <span class='ocrx_word' id='word_1_290' title='bbox 1419 2269 1584 2339; x_wconf 80' lang='lat' dir='ltr'><strong>exemplaria</strong></span> <span class='ocrx_word' id='word_1_291' title='bbox 1603 2269 1755 2339; x_wconf 70' lang='lat' dir='ltr'><strong>litterarum</strong></span> 
     </span>
     <span class='ocr_line' id='line_1_23' title="bbox 109 2355 1756 2431; baseline 0.005 -23"><span class='ocrx_word' id='word_1_292' title='bbox 109 2359 212 2410; x_wconf 85' lang='lat' dir='ltr'><strong>mentia</strong></span> <span class='ocrx_word' id='word_1_293' title='bbox 224 2355 360 2413; x_wconf 88' lang='lat' dir='ltr'><strong>vindicare</strong></span> <span class='ocrx_word' id='word_1_294' title='bbox 374 2367 401 2413; x_wconf 93' lang='lat' dir='ltr'><strong>et</strong></span> <span class='ocrx_word' id='word_1_295' title='bbox 413 2358 495 2414; x_wconf 91' lang='lat' dir='ltr'><strong>citare</strong></span> <span class='ocrx_word' id='word_1_296' title='bbox 520 2357 696 2427; x_wconf 89' lang='lat' dir='ltr'><strong>Dorotheum,</strong></span> <span class='ocrx_word' id='word_1_297' title='bbox 708 2360 768 2430; x_wconf 81' lang='lat' dir='ltr'><strong>quia</strong></span> <span class='ocrx_word' id='word_1_298' title='bbox 782 2375 831 2417; x_wconf 88' lang='lat' dir='ltr'><strong>nos</strong></span> <span class='ocrx_word' id='word_1_299' title='bbox 843 2376 908 2418; x_wconf 90' lang='lat' dir='ltr'><strong>cotr-</strong></span> <span class='ocrx_word' id='word_1_300' title='bbox 959 2360 1119 2418; x_wconf 90' lang='lat' dir='ltr'><strong>iraternitati</strong></span> <span class='ocrx_word' id='word_1_301' title='bbox 1132 2356 1231 2417; x_wconf 83' lang='lat' dir='ltr'><strong>rostrae</strong></span> <span class='ocrx_word' id='word_1_302' title='bbox 1244 2362 1405 2425; x_wconf 84' lang='lat' dir='ltr'><strong>direximus,</strong></span> <span class='ocrx_word' id='word_1_303' title='bbox 1420 2363 1465 2431; x_wconf 82' lang='lat' dir='ltr'><strong>qui</strong></span> <span class='ocrx_word' id='word_1_304' title='bbox 1480 2376 1541 2417; x_wconf 89' lang='lat' dir='ltr'><strong>eum</strong></span> <span class='ocrx_word' id='word_1_305' title='bbox 1555 2361 1659 2417; x_wconf 78' lang='lat' dir='ltr'><strong>nollent</strong></span> <span class='ocrx_word' id='word_1_306' title='bbox 1670 2360 1756 2417; x_wconf 81' lang='lat' dir='ltr'><strong>susti·</strong></span> 
     </span>
     <span class='ocr_line' id='line_1_24' title="bbox 108 2448 1756 2521; baseline 0.005 -20"><span class='ocrx_word' id='word_1_307' title='bbox 108 2449 200 2502; x_wconf 83' lang='lat' dir='ltr'><strong>testati</strong></span> <span class='ocrx_word' id='word_1_308' title='bbox 213 2463 307 2504; x_wconf 88' lang='lat' dir='ltr'><strong>sumus</strong></span> <span class='ocrx_word' id='word_1_309' title='bbox 321 2449 446 2519; x_wconf 85' lang='lat' dir='ltr'><strong>pietatem</strong></span> <span class='ocrx_word' id='word_1_310' title='bbox 462 2448 531 2518; x_wconf 80' lang='lat' dir='ltr'><strong>ejus,</strong></span> <span class='ocrx_word' id='word_1_311' title='bbox 549 2449 689 2507; x_wconf 89' lang='lat' dir='ltr'><strong>dicentes:</strong></span> <span class='ocrx_word' id='word_1_312' title='bbox 711 2451 787 2509; x_wconf 85' lang='lat' dir='ltr'><strong>Nulla</strong></span> <span class='ocrx_word' id='word_1_313' title='bbox 802 2454 907 2510; x_wconf 87' lang='lat' dir='ltr'><strong>rationo</strong></span> <span class='ocrx_word' id='word_1_314' title='bbox 958 2468 1023 2509; x_wconf 86' lang='lat' dir='ltr'><strong>nera</strong></span> <span class='ocrx_word' id='word_1_315' title='bbox 1039 2463 1136 2510; x_wconf 72' lang='lat' dir='ltr'><strong>rmtre</strong></span> <span class='ocrx_word' id='word_1_316' title='bbox 1149 2453 1303 2514; x_wconf 86' lang='lat' dir='ltr'><strong>dilectionis</strong></span> <span class='ocrx_word' id='word_1_317' title='bbox 1322 2453 1477 2521; x_wconf 84' lang='lat' dir='ltr'><strong>adrentum,</strong></span> <span class='ocrx_word' id='word_1_318' title='bbox 1497 2464 1524 2510; x_wconf 88' lang='lat' dir='ltr'><strong>et</strong></span> <span class='ocrx_word' id='word_1_319' title='bbox 1536 2453 1756 2514; x_wconf 73' lang='lat' dir='ltr'><strong>observationum</strong></span> 
     </span>
     <span class='ocr_line' id='line_1_25' title="bbox 108 2540 1756 2616; baseline 0.003 -20"><span class='ocrx_word' id='word_1_320' title='bbox 108 2540 275 2597; x_wconf 83' lang='lat' dir='ltr'><strong>Dorotheum</strong></span> <span class='ocrx_word' id='word_1_321' title='bbox 290 2542 358 2598; x_wconf 87' lang='lat' dir='ltr'><strong>inter</strong></span> <span class='ocrx_word' id='word_1_322' title='bbox 370 2542 512 2612; x_wconf 88' lang='lat' dir='ltr'><strong>episcopos</strong></span> <span class='ocrx_word' id='word_1_323' title='bbox 523 2553 570 2599; x_wconf 91' lang='lat' dir='ltr'><strong>aut</strong></span> <span class='ocrx_word' id='word_1_324' title='bbox 583 2543 610 2599; x_wconf 90' lang='lat' dir='ltr'><strong>in</strong></span> <span class='ocrx_word' id='word_1_325' title='bbox 624 2545 814 2602; x_wconf 83' lang='lat' dir='ltr'><strong>communione</strong></span> <span class='ocrx_word' id='word_1_326' title='bbox 835 2545 907 2602; x_wconf 83' lang='lat' dir='ltr'><strong>sedis</strong></span> <span class='ocrx_word' id='word_1_327' title='bbox 955 2560 1049 2603; x_wconf 51' lang='lat' dir='ltr'><strong>vraoras</strong></span> <span class='ocrx_word' id='word_1_328' title='bbox 1063 2561 1093 2601; x_wconf 87' lang='lat' dir='ltr'><strong>ae</strong></span> <span class='ocrx_word' id='word_1_329' title='bbox 1108 2545 1229 2603; x_wconf 88' lang='lat' dir='ltr'><strong>dicerent</strong></span> <span class='ocrx_word' id='word_1_330' title='bbox 1239 2546 1311 2601; x_wconf 89' lang='lat' dir='ltr'><strong>lerre</strong></span> <span class='ocrx_word' id='word_1_331' title='bbox 1323 2561 1377 2602; x_wconf 86' lang='lat' dir='ltr'><strong>nou</strong></span> <span class='ocrx_word' id='word_1_332' title='bbox 1392 2561 1483 2616; x_wconf 85' lang='lat' dir='ltr'><strong>porse,</strong></span> <span class='ocrx_word' id='word_1_333' title='bbox 1500 2554 1672 2603; x_wconf 86' lang='lat' dir='ltr'><strong>tentarsrunt</strong></span> <span class='ocrx_word' id='word_1_334' title='bbox 1684 2546 1756 2610; x_wconf 83' lang='lat' dir='ltr'><strong>clara</strong></span> 
     </span>
    </p>
   </div>
   <div class='ocr_carea' id='block_1_3' title="bbox 107 2633 1852 2708">
    <p class='ocr_par' dir='ltr' id='par_1_3' title="bbox 107 2633 1852 2708">
     <span class='ocr_line' id='line_1_26' title="bbox 107 2633 1852 2708; baseline 0.003 -22"><span class='ocrx_word' id='word_1_335' title='bbox 107 2633 264 2703; x_wconf 75' lang='lat' dir='ltr'><strong>apostolica</strong></span> <span class='ocrx_word' id='word_1_336' title='bbox 279 2641 368 2703; x_wconf 89' lang='lat' dir='ltr'><strong>potest</strong></span> <span class='ocrx_word' id='word_1_337' title='bbox 387 2633 561 2688; x_wconf 82' lang='lat' dir='ltr'><strong>beatissimus</strong></span> <span class='ocrx_word' id='word_1_338' title='bbox 576 2634 907 2705; x_wconf 87' lang='lat' dir='ltr'><strong>papareeipere,etron-</strong></span> <span class='ocrx_word' id='word_1_339' title='bbox 958 2639 991 2696; x_wconf 89' lang='lat' dir='ltr'><strong>de</strong></span> <span class='ocrx_word' id='word_1_340' title='bbox 1006 2639 1454 2708; x_wconf 76' lang='lat' dir='ltr'><strong>nrbediscetiertr3quostumnca</strong></span> <span class='ocrx_word' id='word_1_341' title='bbox 1470 2635 1754 2697; x_wconf 68' lang='lat' dir='ltr'><strong>imtemnrsotitcirtna</strong></span> <span class='ocrx_word' id='word_1_342' title='bbox 1847 2683 1852 2691; x_wconf 83' lang='grc'>.</span> 
     </span>
    </p>
   </div>
   <div class='ocr_carea' id='block_1_4' title="bbox 107 2724 1756 3168">
    <p class='ocr_par' dir='ltr' id='par_1_4' title="bbox 107 2724 1756 3168">
     <span class='ocr_line' id='line_1_27' title="bbox 109 2724 1756 2803; baseline 0.005 -23"><span class='ocrx_word' id='word_1_343' title='bbox 109 2734 151 2780; x_wconf 92' lang='lat' dir='ltr'><strong>tra</strong></span> <span class='ocrx_word' id='word_1_344' title='bbox 166 2724 210 2795; x_wconf 84' lang='lat' dir='ltr'><strong>qul</strong></span> <span class='ocrx_word' id='word_1_345' title='bbox 226 2725 361 2780; x_wconf 82' lang='lat' dir='ltr'><strong>noluerint</strong></span> <span class='ocrx_word' id='word_1_346' title='bbox 375 2740 435 2780; x_wconf 91' lang='lat' dir='ltr'><strong>cum</strong></span> <span class='ocrx_word' id='word_1_347' title='bbox 456 2725 482 2779; x_wconf 92' lang='lat' dir='ltr'><strong>in</strong></span> <span class='ocrx_word' id='word_1_348' title='bbox 498 2741 546 2781; x_wconf 89' lang='lat' dir='ltr'><strong>sna</strong></span> <span class='ocrx_word' id='word_1_349' title='bbox 560 2729 750 2782; x_wconf 90' lang='lat' dir='ltr'><strong>communione</strong></span> <span class='ocrx_word' id='word_1_350' title='bbox 772 2727 904 2799; x_wconf 83' lang='lat' dir='ltr'><strong>recipere,</strong></span> <span class='ocrx_word' id='word_1_351' title='bbox 958 2732 1099 2800; x_wconf 90' lang='lat' dir='ltr'><strong>euttodiri,</strong></span> <span class='ocrx_word' id='word_1_352' title='bbox 1111 2745 1212 2803; x_wconf 70' lang='lat' dir='ltr'><strong>eaque</strong></span> <span class='ocrx_word' id='word_1_353' title='bbox 1222 2731 1256 2787; x_wconf 91' lang='lat' dir='ltr'><strong>de</strong></span> <span class='ocrx_word' id='word_1_354' title='bbox 1266 2733 1344 2788; x_wconf 88' lang='lat' dir='ltr'><strong>uobis</strong></span> <span class='ocrx_word' id='word_1_355' title='bbox 1354 2731 1487 2787; x_wconf 83' lang='lat' dir='ltr'><strong>contraria</strong></span> <span class='ocrx_word' id='word_1_356' title='bbox 1497 2729 1756 2791; x_wconf 65' lang='lat' dir='ltr'><strong>timcantruientm</strong></span> 
     </span>
     <span class='ocr_line' id='line_1_28' title="bbox 108 2809 1754 2892; baseline 0.005 -21"><span class='ocrx_word' id='word_1_357' title='bbox 108 2817 180 2872; x_wconf 89' lang='lat' dir='ltr'><strong>scire</strong></span> <span class='ocrx_word' id='word_1_358' title='bbox 198 2832 228 2872; x_wconf 86' lang='lat' dir='ltr'><strong>se</strong></span> <span class='ocrx_word' id='word_1_359' title='bbox 242 2832 304 2873; x_wconf 90' lang='lat' dir='ltr'><strong>esse</strong></span> <span class='ocrx_word' id='word_1_360' title='bbox 323 2832 384 2873; x_wconf 90' lang='lat' dir='ltr'><strong>reos</strong></span> <span class='ocrx_word' id='word_1_361' title='bbox 403 2819 564 2874; x_wconf 84' lang='lat' dir='ltr'><strong>auctoritate</strong></span> <span class='ocrx_word' id='word_1_362' title='bbox 587 2817 781 2876; x_wconf 86' lang='lat' dir='ltr'><strong>ecclesiastica.</strong></span> <span class='ocrx_word' id='word_1_363' title='bbox 805 2818 857 2877; x_wconf 86' lang='lat' dir='ltr'><strong>ista</strong></span> <span class='ocrx_word' id='word_1_364' title='bbox 872 2818 910 2877; x_wconf 85' lang='lat' dir='ltr'><strong>ad&#39;</strong></span> <span class='ocrx_word' id='word_1_365' title='bbox 957 2836 1116 2892; x_wconf 73' lang='lat' dir='ltr'><strong>agnoscere,</strong></span> <span class='ocrx_word' id='word_1_366' title='bbox 1136 2832 1166 2877; x_wconf 91' lang='lat' dir='ltr'><strong>ut</strong></span> <span class='ocrx_word' id='word_1_367' title='bbox 1187 2837 1250 2878; x_wconf 91' lang='lat' dir='ltr'><strong>cum</strong></span> <span class='ocrx_word' id='word_1_368' title='bbox 1269 2822 1391 2886; x_wconf 78' lang='lat' dir='ltr'><strong>reversi,</strong></span> <span class='ocrx_word' id='word_1_369' title='bbox 1414 2823 1468 2877; x_wconf 89' lang='lat' dir='ltr'><strong>Deo</strong></span> <span class='ocrx_word' id='word_1_370' title='bbox 1481 2821 1612 2891; x_wconf 90' lang='lat' dir='ltr'><strong>propitio,</strong></span> <span class='ocrx_word' id='word_1_371' title='bbox 1635 2809 1754 2889; x_wconf 77' lang='lat' dir='ltr'><strong>torritii,</strong></span> 
     </span>
     <span class='ocr_line' id='line_1_29' title="bbox 107 2908 1754 2981; baseline 0.007 -20"><span class='ocrx_word' id='word_1_372' title='bbox 107 2908 229 2963; x_wconf 88' lang='lat' dir='ltr'><strong>notitiam</strong></span> <span class='ocrx_word' id='word_1_373' title='bbox 241 2908 416 2965; x_wconf 89' lang='lat' dir='ltr'><strong>beatitudiuis</strong></span> <span class='ocrx_word' id='word_1_374' title='bbox 428 2919 525 2965; x_wconf 78' lang='lat' dir='ltr'><strong>restrrc</strong></span> <span class='ocrx_word' id='word_1_375' title='bbox 546 2909 733 2966; x_wconf 84' lang='lat' dir='ltr'><strong>iestinarimus</strong></span> <span class='ocrx_word' id='word_1_376' title='bbox 747 2909 860 2978; x_wconf 88' lang='lat' dir='ltr'><strong>reierrc,</strong></span> <span class='ocrx_word' id='word_1_377' title='bbox 876 2919 907 2968; x_wconf 87' lang='lat' dir='ltr'><strong>ul</strong></span> <span class='ocrx_word' id='word_1_378' title='bbox 958 2913 1754 2981; x_wconf 65' lang='lat' dir='ltr'><strong>eororoerrorratiooabitthnsadhortetiootbmcorrigatur·</strong></span> 
     </span>
     <span class='ocr_line' id='line_1_30' title="bbox 107 2999 1754 3074; baseline 0.006 -20"><span class='ocrx_word' id='word_1_379' title='bbox 107 2999 174 3055; x_wconf 88' lang='lat' dir='ltr'><strong>nihii</strong></span> <span class='ocrx_word' id='word_1_380' title='bbox 199 3016 250 3056; x_wconf 88' lang='lat' dir='ltr'><strong>ros</strong></span> <span class='ocrx_word' id='word_1_381' title='bbox 274 3001 366 3066; x_wconf 88' lang='lat' dir='ltr'><strong>lateat,</strong></span> <span class='ocrx_word' id='word_1_382' title='bbox 393 3002 465 3074; x_wconf 85' lang='lat' dir='ltr'><strong>quod</strong></span> <span class='ocrx_word' id='word_1_383' title='bbox 487 3001 513 3058; x_wconf 89' lang='lat' dir='ltr'><strong>in</strong></span> <span class='ocrx_word' id='word_1_384' title='bbox 529 3002 587 3059; x_wconf 88' lang='lat' dir='ltr'><strong>istis</strong></span> <span class='ocrx_word' id='word_1_385' title='bbox 609 3003 727 3074; x_wconf 91' lang='lat' dir='ltr'><strong>partibus</strong></span> <span class='ocrx_word' id='word_1_386' title='bbox 742 3003 836 3074; x_wconf 82' lang='lat' dir='ltr'><strong>agitur.</strong></span> <span class='ocrx_word' id='word_1_387' title='bbox 854 3008 904 3059; x_wconf 82' lang='lat' dir='ltr'><strong>ic·</strong></span> <span class='ocrx_word' id='word_1_388' title='bbox 960 3006 1026 3071; x_wconf 88' lang='lat' dir='ltr'><strong>Data</strong></span> <span class='ocrx_word' id='word_1_389' title='bbox 1041 3021 1070 3061; x_wconf 90' lang='lat' dir='ltr'><strong>ut</strong></span> <span class='ocrx_word' id='word_1_390' title='bbox 1085 3020 1171 3062; x_wconf 69' lang='lat' dir='ltr'><strong>unas</strong></span> <span class='ocrx_word' id='word_1_391' title='bbox 1185 3006 1353 3072; x_wconf 84' lang='lat' dir='ltr'><strong>Decembris,</strong></span> <span class='ocrx_word' id='word_1_392' title='bbox 1369 3005 1516 3063; x_wconf 78' lang='lat' dir='ltr'><strong>Eutharico</strong></span> <span class='ocrx_word' id='word_1_393' title='bbox 1529 3004 1589 3060; x_wconf 86' lang='lat' dir='ltr'><strong>rim</strong></span> <span class='ocrx_word' id='word_1_394' title='bbox 1601 3002 1754 3064; x_wconf 84' lang='lat' dir='ltr'><strong>clarissima</strong></span> 
     </span>
     <span class='ocr_line' id='line_1_31' title="bbox 107 3092 1375 3168; baseline 0.006 -21"><span class='ocrx_word' id='word_1_395' title='bbox 107 3100 185 3161; x_wconf 85' lang='lat' dir='ltr'><strong>cepta</strong></span> <span class='ocrx_word' id='word_1_396' title='bbox 213 3109 238 3148; x_wconf 90' lang='lat' dir='ltr'><strong>rr</strong></span> <span class='ocrx_word' id='word_1_397' title='bbox 258 3092 387 3148; x_wconf 85' lang='lat' dir='ltr'><strong>calendas</strong></span> <span class='ocrx_word' id='word_1_398' title='bbox 420 3094 596 3164; x_wconf 81' lang='lat' dir='ltr'><strong>Decembris,</strong></span> <span class='ocrx_word' id='word_1_399' title='bbox 624 3094 771 3151; x_wconf 81' lang='lat' dir='ltr'><strong>Eutharico</strong></span> <span class='ocrx_word' id='word_1_400' title='bbox 794 3097 905 3151; x_wconf 88' lang='lat' dir='ltr'><strong>consule</strong></span> <span class='ocrx_word' id='word_1_401' title='bbox 957 3096 1067 3153; x_wconf 80' lang='lat' dir='ltr'><strong>musula</strong></span> <span class='ocrx_word' id='word_1_402' title='bbox 1081 3097 1164 3168; x_wconf 82' lang='lat' dir='ltr'><strong>(tuno</strong></span> <span class='ocrx_word' id='word_1_403' title='bbox 1180 3097 1285 3154; x_wconf 87' lang='lat' dir='ltr'><strong>Domini</strong></span> <span class='ocrx_word' id='word_1_404' title='bbox 1300 3096 1375 3166; x_wconf 79' lang='lat' dir='ltr'><strong>riti.</strong></span> 
     </span>
    </p>
   </div>
   <div class='ocr_carea' id='block_1_5' title="bbox 108 3164 1495 3264">
    <p class='ocr_par' dir='ltr' id='par_1_5' title="bbox 108 3164 1495 3264">
     <span class='ocr_line' id='line_1_32' title="bbox 108 3164 1495 3264; baseline 0.004 -7"><span class='ocrx_word' id='word_1_405' title='bbox 108 3181 400 3257; x_wconf 66' lang='lat' dir='ltr'><strong>(cenomaniam).</strong></span> <span class='ocrx_word' id='word_1_406' title='bbox 828 3214 834 3225; x_wconf 95' lang='lat'><strong>·</strong></span> <span class='ocrx_word' id='word_1_407' title='bbox 918 3164 944 3231; x_wconf 71' lang='lat'>⁰</span> <span class='ocrx_word' id='word_1_408' title='bbox 1218 3208 1495 3264; x_wconf 76' lang='lat' dir='ltr'><strong>antarcticum.</strong></span> 
     </span>
    </p>
   </div>
   <div class='ocr_carea' id='block_1_6' title="bbox 370 3295 1753 3375">
    <p class='ocr_par' dir='ltr' id='par_1_6' title="bbox 370 3295 1753 3375">
     <span class='ocr_line' id='line_1_33' title="bbox 370 3295 1753 3375; baseline -0.005 -11"><span class='ocrx_word' id='word_1_409' title='bbox 370 3295 537 3353; x_wconf 68' lang='lat' dir='ltr'><strong>EPlSTOLA</strong></span> <span class='ocrx_word' id='word_1_410' title='bbox 558 3296 648 3352; x_wconf 76' lang='lat' dir='ltr'><strong>LXlli·</strong></span> <span class='ocrx_word' id='word_1_411' title='bbox 1000 3320 1033 3358; x_wconf 83' lang='lat' dir='ltr'><strong>tn</strong></span> <span class='ocrx_word' id='word_1_412' title='bbox 1049 3317 1167 3359; x_wconf 85' lang='lat' dir='ltr'><strong>toarnrn</strong></span> <span class='ocrx_word' id='word_1_413' title='bbox 1187 3316 1372 3357; x_wconf 81' lang='lat' dir='ltr'><strong>arctcrrmrrr</strong></span> <span class='ocrx_word' id='word_1_414' title='bbox 1392 3303 1545 3375; x_wconf 71' lang='lat' dir='ltr'><strong>(austrina</strong></span> <span class='ocrx_word' id='word_1_415' title='bbox 1564 3301 1716 3374; x_wconf 76' lang='lat' dir='ltr'><strong>recensis)</strong></span> <span class='ocrx_word' id='word_1_416' title='bbox 1749 3333 1753 3341; x_wconf 90' lang='lat'><strong>·</strong></span> 
     </span>
    </p>
   </div>
   <div class='ocr_carea' id='block_1_7' title="bbox 418 3401 1432 3448">
    <p class='ocr_par' dir='ltr' id='par_1_7' title="bbox 418 3401 1432 3448">
     <span class='ocr_line' id='line_1_34' title="bbox 418 3401 1432 3448; baseline 0.006 -8"><span class='ocrx_word' id='word_1_417' title='bbox 418 3403 452 3441; x_wconf 83' lang='lat' dir='ltr'><strong>nb</strong></span> <span class='ocrx_word' id='word_1_418' title='bbox 472 3401 599 3443; x_wconf 73' lang='lat' dir='ltr'><strong>Libnios·</strong></span> <span class='ocrx_word' id='word_1_419' title='bbox 1278 3407 1432 3448; x_wconf 75' lang='lat' dir='ltr'><strong>eriscortrtt.</strong></span> 
     </span>
    </p>
   </div>
   <div class='ocr_carea' id='block_1_8' title="bbox 87 3472 1810 3616">
    <p class='ocr_par' dir='ltr' id='par_1_8' title="bbox 87 3472 1810 3616">
     <span class='ocr_line' id='line_1_35' title="bbox 87 3472 1810 3578; baseline 0.001 -18"><span class='ocrx_word' id='word_1_420' title='bbox 87 3472 186 3530; x_wconf 23' lang='grc' dir='ltr'><strong>’Μ’</strong></span> <span class='ocrx_word' id='word_1_421' title='bbox 206 3474 331 3558; x_wconf 52' lang='lat' dir='ltr'><strong>&#39;munim</strong></span> <span class='ocrx_word' id='word_1_422' title='bbox 352 3477 489 3532; x_wconf 58' lang='lat' dir='ltr'><strong>mmm:</strong></span> <span class='ocrx_word' id='word_1_423' title='bbox 509 3484 533 3532; x_wconf 44' lang='grc' dir='ltr'><strong>θ’</strong></span> <span class='ocrx_word' id='word_1_424' title='bbox 552 3475 736 3560; x_wconf 58' lang='lat' dir='ltr'><strong>⁰⁰¹⁰²fu⁰s¹=⁶</strong></span> <span class='ocrx_word' id='word_1_425' title='bbox 758 3475 905 3553; x_wconf 50' lang='lat' dir='ltr'><strong>‘diffidam</strong></span> <span class='ocrx_word' id='word_1_426' title='bbox 958 3505 1303 3578; x_wconf 74' lang='lat' dir='ltr'><strong>‘&#39;constantinopottnmm</strong></span> <span class='ocrx_word' id='word_1_427' title='bbox 1316 3504 1458 3560; x_wconf 79' lang='lat' dir='ltr'><strong>Ecclesium</strong></span> <span class='ocrx_word' id='word_1_428' title='bbox 1473 3508 1507 3560; x_wconf 90' lang='lat' dir='ltr'><strong>nd</strong></span> <span class='ocrx_word' id='word_1_429' title='bbox 1524 3506 1753 3578; x_wconf 79' lang='lat' dir='ltr'><strong>sedisapostolicoe</strong></span> <span class='ocrx_word' id='word_1_430' title='bbox 1808 3482 1810 3487; x_wconf 18' lang='lat'><strong>¹</strong></span> 
     </span>
     <span class='ocr_line' id='line_1_36' title="bbox 145 3547 1753 3616; baseline 0.001 -18"><span class='ocrx_word' id='word_1_431' title='bbox 145 3557 250 3610; x_wconf 88' lang='lat' dir='ltr'><strong>remoto,</strong></span> <span class='ocrx_word' id='word_1_432' title='bbox 266 3547 357 3613; x_wconf 85' lang='lat' dir='ltr'><strong>altum,</strong></span> <span class='ocrx_word' id='word_1_433' title='bbox 375 3547 485 3601; x_wconf 67' lang='lat' dir='ltr'><strong>nestun</strong></span> <span class='ocrx_word' id='word_1_434' title='bbox 499 3557 614 3613; x_wconf 80' lang='lat' dir='ltr'><strong>esrrpto,</strong></span> <span class='ocrx_word' id='word_1_435' title='bbox 629 3563 656 3599; x_wconf 88' lang='lat' dir='ltr'><strong>rn</strong></span> <span class='ocrx_word' id='word_1_436' title='bbox 671 3563 727 3616; x_wconf 71' lang='lat' dir='ltr'><strong>cyna</strong></span> <span class='ocrx_word' id='word_1_437' title='bbox 740 3547 823 3600; x_wconf 86' lang='lat' dir='ltr'><strong>iocum</strong></span> <span class='ocrx_word' id='word_1_438' title='bbox 846 3548 906 3601; x_wconf 82' lang='lat' dir='ltr'><strong>snb·</strong></span> <span class='ocrx_word' id='word_1_439' title='bbox 1750 3592 1753 3599; x_wconf 93' lang='lat'>.</span> 
     </span>
    </p>
   </div>
   <div class='ocr_carea' id='block_1_9' title="bbox 146 3576 1754 3761">
    <p class='ocr_par' dir='ltr' id='par_1_9' title="bbox 146 3576 1754 3761">
     <span class='ocr_line' id='line_1_37' title="bbox 146 3576 1641 3687; baseline 0.01 -18"><span class='ocrx_word' id='word_1_440' title='bbox 146 3616 219 3669; x_wconf 82' lang='lat' dir='ltr'><strong>rtitoi</strong></span> <span class='ocrx_word' id='word_1_441' title='bbox 232 3617 355 3687; x_wconf 80' lang='lat' dir='ltr'><strong>precipit.</strong></span> <span class='ocrx_word' id='word_1_442' title='bbox 373 3616 496 3670; x_wconf 76' lang='lat' dir='ltr'><strong>Yironrnm</strong></span> <span class='ocrx_word' id='word_1_443' title='bbox 510 3629 533 3670; x_wconf 88' lang='lat' dir='ltr'><strong>et</strong></span> <span class='ocrx_word' id='word_1_444' title='bbox 551 3617 728 3671; x_wconf 83' lang='lat' dir='ltr'><strong>Nicostratum</strong></span> <span class='ocrx_word' id='word_1_445' title='bbox 743 3621 797 3671; x_wconf 84' lang='lat' dir='ltr'><strong>ruis</strong></span> <span class='ocrx_word' id='word_1_446' title='bbox 812 3617 904 3673; x_wconf 80' lang='lat' dir='ltr'><strong>Ecrie·</strong></span> <span class='ocrx_word' id='word_1_447' title='bbox 1078 3672 1084 3684; x_wconf 87' lang='grc'>,</span> <span class='ocrx_word' id='word_1_448' title='bbox 1190 3576 1393 3682; x_wconf 46' lang='lat' dir='ltr'><strong>mnfmmfwm</strong></span> <span class='ocrx_word' id='word_1_449' title='bbox 1405 3579 1513 3686; x_wconf 45' lang='lat' dir='ltr'><strong>”Q</strong></span> <span class='ocrx_word' id='word_1_450' title='bbox 1634 3671 1641 3684; x_wconf 90' lang='lat'><em>.</em></span> 
     </span>
     <span class='ocr_line' id='line_1_38' title="bbox 146 3670 1754 3761; baseline 0.006 -20"><span class='ocrx_word' id='word_1_451' title='bbox 146 3687 192 3741; x_wconf 85' lang='lat' dir='ltr'><strong>riis</strong></span> <span class='ocrx_word' id='word_1_452' title='bbox 206 3691 381 3743; x_wconf 75' lang='lat' dir='ltr'><strong>restituendos.</strong></span> <span class='ocrx_word' id='word_1_453' title='bbox 397 3687 538 3743; x_wconf 78' lang='lat' dir='ltr'><strong>detraebas</strong></span> <span class='ocrx_word' id='word_1_454' title='bbox 551 3689 661 3760; x_wconf 81' lang='lat' dir='ltr'><strong>Septies</strong></span> <span class='ocrx_word' id='word_1_455' title='bbox 680 3686 767 3745; x_wconf 81' lang='lat' dir='ltr'><strong>ilunroe</strong></span> <span class='ocrx_word' id='word_1_456' title='bbox 779 3705 857 3761; x_wconf 81' lang='lat' dir='ltr'><strong>arque</strong></span> <span class='ocrx_word' id='word_1_457' title='bbox 870 3689 905 3749; x_wconf 86' lang='lat' dir='ltr'><strong>ed</strong></span> <span class='ocrx_word' id='word_1_458' title='bbox 994 3670 1134 3726; x_wconf 50' lang='lat' dir='ltr'><strong>”mmm</strong></span> <span class='ocrx_word' id='word_1_459' title='bbox 1150 3670 1245 3726; x_wconf 58' lang='lat'>&#39;⁰²⁰⁰&#39;</span> <span class='ocrx_word' id='word_1_460' title='bbox 1261 3684 1389 3742; x_wconf 72' lang='lat' dir='ltr'><strong>0D¹⁸⁰⁰D⁰</strong></span> <span class='ocrx_word' id='word_1_461' title='bbox 1410 3670 1584 3728; x_wconf 58' lang='lat'><strong>“0¹¹⁰¹¹²&#39;¹&#39;⁰¹</strong></span> <span class='ocrx_word' id='word_1_462' title='bbox 1599 3670 1754 3742; x_wconf 47' lang='lat' dir='ltr'><strong>mmm</strong></span> 
     </span>
    </p>
   </div>
   <div class='ocr_carea' id='block_1_10' title="bbox 106 3758 1758 5492">
    <p class='ocr_par' dir='ltr' id='par_1_10' title="bbox 145 3758 1064 3833">
     <span class='ocr_line' id='line_1_39' title="bbox 145 3758 1064 3833; baseline 0.004 -21"><span class='ocrx_word' id='word_1_463' title='bbox 145 3758 437 3830; x_wconf 77' lang='lat' dir='ltr'><strong>lepeterttnttrdnentnm</strong></span> <span class='ocrx_word' id='word_1_464' title='bbox 453 3759 570 3814; x_wconf 81' lang='lat' dir='ltr'><strong>detineri.</strong></span> <span class='ocrx_word' id='word_1_465' title='bbox 879 3800 881 3804; x_wconf 87' lang='lat'>-</span> <span class='ocrx_word' id='word_1_466' title='bbox 959 3761 1064 3833; x_wconf 80' lang='lat' dir='ltr'><strong>iliano).</strong></span> 
     </span>
    </p>

    <p class='ocr_par' dir='ltr' id='par_1_11' title="bbox 109 3848 1754 4015">
     <span class='ocr_line' id='line_1_40' title="bbox 144 3848 1753 3925; baseline -0.001 -19"><span class='ocrx_word' id='word_1_467' title='bbox 144 3850 288 3907; x_wconf 90' lang='lat' dir='ltr'><strong>iiormisda</strong></span> <span class='ocrx_word' id='word_1_468' title='bbox 307 3849 443 3908; x_wconf 85' lang='lat' dir='ltr'><strong>Germano</strong></span> <span class='ocrx_word' id='word_1_469' title='bbox 461 3860 488 3906; x_wconf 91' lang='lat' dir='ltr'><strong>et</strong></span> <span class='ocrx_word' id='word_1_470' title='bbox 503 3850 598 3909; x_wconf 84' lang='lat' dir='ltr'><strong>loanni</strong></span> <span class='ocrx_word' id='word_1_471' title='bbox 613 3851 746 3925; x_wconf 88' lang='lat' dir='ltr'><strong>episcopis</strong></span> <span class='ocrx_word' id='word_1_472' title='bbox 761 3849 904 3909; x_wconf 81' lang='lat' dir='ltr'><strong>stillando</strong></span> <span class='ocrx_word' id='word_1_473' title='bbox 993 3853 1061 3907; x_wconf 83' lang='lat' dir='ltr'><strong>l&#39;ota</strong></span> <span class='ocrx_word' id='word_1_474' title='bbox 1077 3860 1168 3907; x_wconf 91' lang='lat' dir='ltr'><strong>nostra</strong></span> <span class='ocrx_word' id='word_1_475' title='bbox 1180 3853 1319 3907; x_wconf 85' lang='lat' dir='ltr'><strong>raritatem</strong></span> <span class='ocrx_word' id='word_1_476' title='bbox 1332 3860 1404 3907; x_wconf 88' lang='lat' dir='ltr'><strong>trram</strong></span> <span class='ocrx_word' id='word_1_477' title='bbox 1416 3852 1502 3908; x_wconf 85' lang='lat' dir='ltr'><strong>latere</strong></span> <span class='ocrx_word' id='word_1_478' title='bbox 1517 3852 1651 3916; x_wconf 74' lang='lat' dir='ltr'><strong>nmumus,</strong></span> <span class='ocrx_word' id='word_1_479' title='bbox 1661 3848 1753 3920; x_wconf 79' lang='lat' dir='ltr'><strong>nccei</strong></span> 
     </span>
     <span class='ocr_line' id='line_1_41' title="bbox 109 3942 1754 4015; baseline 0 -17"><span class='ocrx_word' id='word_1_480' title='bbox 109 3944 278 4014; x_wconf 75' lang='lat' dir='ltr'><strong>presbytero.</strong></span> <span class='ocrx_word' id='word_1_481' title='bbox 959 3943 1093 4015; x_wconf 80' lang='lat' dir='ltr'><strong>particeps</strong></span> <span class='ocrx_word' id='word_1_482' title='bbox 1107 3943 1157 3998; x_wconf 87' lang='lat' dir='ltr'><strong>init</strong></span> <span class='ocrx_word' id='word_1_483' title='bbox 1171 3943 1367 4012; x_wconf 83' lang='lat' dir='ltr'><strong>sollicitudinis,</strong></span> <span class='ocrx_word' id='word_1_484' title='bbox 1383 3944 1540 4014; x_wconf 69' lang='lat' dir='ltr'><strong>gaudiorum</strong></span> <span class='ocrx_word' id='word_1_485' title='bbox 1552 3944 1640 4000; x_wconf 88' lang='lat' dir='ltr'><strong>irue·u</strong></span> <span class='ocrx_word' id='word_1_486' title='bbox 1657 3942 1754 3999; x_wconf 69' lang='lat' dir='ltr'><strong>reddr-</strong></span> 
     </span>
    </p>

    <p class='ocr_par' dir='ltr' id='par_1_12' title="bbox 106 4033 1758 5492">
     <span class='ocr_line' id='line_1_42' title="bbox 144 4033 1753 4107; baseline 0 -16"><span class='ocrx_word' id='word_1_487' title='bbox 144 4034 268 4093; x_wconf 82' lang='lat' dir='ltr'><strong>Graviter</strong></span> <span class='ocrx_word' id='word_1_488' title='bbox 287 4050 337 4092; x_wconf 91' lang='lat' dir='ltr'><strong>uos</strong></span> <span class='ocrx_word' id='word_1_489' title='bbox 356 4033 467 4093; x_wconf 82' lang='lat' dir='ltr'><strong>loannis</strong></span> <span class='ocrx_word' id='word_1_490' title='bbox 488 4035 613 4092; x_wconf 89' lang='lat' dir='ltr'><strong>catholici</strong></span> <span class='ocrx_word' id='word_1_491' title='bbox 639 4033 734 4090; x_wconf 87' lang='lat' dir='ltr'><strong>ailirit</strong></span> <span class='ocrx_word' id='word_1_492' title='bbox 762 4035 904 4107; x_wconf 77' lang='lat' dir='ltr'><strong>interitus¹</strong></span> <span class='ocrx_word' id='word_1_493' title='bbox 959 4046 1002 4092; x_wconf 89' lang='lat' dir='ltr'><strong>mr</strong></span> <span class='ocrx_word' id='word_1_494' title='bbox 1011 4036 1137 4093; x_wconf 80' lang='lat' dir='ltr'><strong>extorris.</strong></span> <span class='ocrx_word' id='word_1_495' title='bbox 1151 4037 1183 4092; x_wconf 77' lang='lat' dir='ltr'><strong>Et</strong></span> <span class='ocrx_word' id='word_1_496' title='bbox 1195 4035 1257 4092; x_wconf 89' lang='lat' dir='ltr'><strong>ideo</strong></span> <span class='ocrx_word' id='word_1_497' title='bbox 1268 4035 1593 4106; x_wconf 82' lang='lat' dir='ltr'><strong>Corratantlnopolitanam</strong></span> <span class='ocrx_word' id='word_1_498' title='bbox 1603 4036 1753 4092; x_wconf 73' lang='lat' dir='ltr'><strong>bramton</strong></span> 
     </span>
     <span class='ocr_line' id='line_1_43' title="bbox 107 4125 1754 4200; baseline 0.002 -18"><span class='ocrx_word' id='word_1_499' title='bbox 107 4142 189 4197; x_wconf 80' lang='lat' dir='ltr'><strong>quem</strong></span> <span class='ocrx_word' id='word_1_500' title='bbox 209 4126 329 4182; x_wconf 74' lang='lat' dir='ltr'><strong>heretici</strong></span> <span class='ocrx_word' id='word_1_501' title='bbox 356 4126 483 4186; x_wconf 83' lang='lat' dir='ltr'><strong>Dorothei</strong></span> <span class='ocrx_word' id='word_1_502' title='bbox 503 4128 610 4182; x_wconf 81' lang='lat' dir='ltr'><strong>vasania</strong></span> <span class='ocrx_word' id='word_1_503' title='bbox 634 4125 782 4196; x_wconf 86' lang='lat' dir='ltr'><strong>perhibetis</strong></span> <span class='ocrx_word' id='word_1_504' title='bbox 800 4127 904 4182; x_wconf 80' lang='lat' dir='ltr'><strong>eratin·</strong></span> <span class='ocrx_word' id='word_1_505' title='bbox 957 4133 992 4184; x_wconf 91' lang='lat' dir='ltr'><strong>ad</strong></span> <span class='ocrx_word' id='word_1_506' title='bbox 1011 4130 1228 4185; x_wconf 87' lang='lat' dir='ltr'><strong>communionem</strong></span> <span class='ocrx_word' id='word_1_507' title='bbox 1250 4141 1368 4184; x_wconf 83' lang='lat' dir='ltr'><strong>nostram</strong></span> <span class='ocrx_word' id='word_1_508' title='bbox 1383 4130 1507 4197; x_wconf 87' lang='lat' dir='ltr'><strong>rediisse,</strong></span> <span class='ocrx_word' id='word_1_509' title='bbox 1528 4131 1640 4185; x_wconf 83' lang='lat' dir='ltr'><strong>Domino</strong></span> <span class='ocrx_word' id='word_1_510' title='bbox 1661 4130 1754 4200; x_wconf 80' lang='lat' dir='ltr'><strong>propi·</strong></span> 
     </span>
     <span class='ocr_line' id='line_1_44' title="bbox 107 4217 1754 4292; baseline 0.001 -17"><span class='ocrx_word' id='word_1_511' title='bbox 107 4230 191 4278; x_wconf 89' lang='lat' dir='ltr'><strong>ctum.</strong></span> <span class='ocrx_word' id='word_1_512' title='bbox 213 4220 279 4276; x_wconf 83' lang='lat' dir='ltr'><strong>iiam</strong></span> <span class='ocrx_word' id='word_1_513' title='bbox 305 4220 430 4276; x_wconf 88' lang='lat' dir='ltr'><strong>eumdem</strong></span> <span class='ocrx_word' id='word_1_514' title='bbox 456 4221 618 4276; x_wconf 89' lang='lat' dir='ltr'><strong>Dorotheum</strong></span> <span class='ocrx_word' id='word_1_515' title='bbox 644 4217 904 4291; x_wconf 82' lang='lat' dir='ltr'><strong>Constantinopolim</strong></span> <span class='ocrx_word' id='word_1_516' title='bbox 958 4221 1053 4288; x_wconf 82' lang='lat' dir='ltr'><strong>tinore,</strong></span> <span class='ocrx_word' id='word_1_517' title='bbox 1069 4220 1237 4276; x_wconf 86' lang='lat' dir='ltr'><strong>tradentibus</strong></span> <span class='ocrx_word' id='word_1_518' title='bbox 1252 4221 1433 4290; x_wconf 78' lang='lat' dir='ltr'><strong>siprittrarrus</strong></span> <span class='ocrx_word' id='word_1_519' title='bbox 1446 4223 1630 4292; x_wconf 76' lang='lat' dir='ltr'><strong>alioquiis;et</strong></span> <span class='ocrx_word' id='word_1_520' title='bbox 1645 4221 1754 4277; x_wconf 85' lang='lat' dir='ltr'><strong>manda·</strong></span> 
     </span>
     <span class='ocr_line' id='line_1_45' title="bbox 107 4313 1754 4386; baseline 0.001 -18"><span class='ocrx_word' id='word_1_521' title='bbox 107 4313 184 4383; x_wconf 79' lang='lat' dir='ltr'><strong>iussu</strong></span> <span class='ocrx_word' id='word_1_522' title='bbox 204 4313 334 4384; x_wconf 84' lang='lat' dir='ltr'><strong>principis</strong></span> <span class='ocrx_word' id='word_1_523' title='bbox 349 4313 491 4370; x_wconf 88' lang='lat' dir='ltr'><strong>didicimus</strong></span> <span class='ocrx_word' id='word_1_524' title='bbox 507 4324 658 4370; x_wconf 82' lang='lat' dir='ltr'><strong>evocatum.</strong></span> <span class='ocrx_word' id='word_1_525' title='bbox 677 4313 811 4371; x_wconf 79' lang='lat' dir='ltr'><strong>Adversus</strong></span> <span class='ocrx_word' id='word_1_526' title='bbox 825 4329 905 4386; x_wconf 88' lang='lat' dir='ltr'><strong>qttcm</strong></span> <span class='ocrx_word' id='word_1_527' title='bbox 960 4323 1058 4380; x_wconf 89' lang='lat' dir='ltr'><strong>lorum,</strong></span> <span class='ocrx_word' id='word_1_528' title='bbox 1076 4329 1134 4385; x_wconf 77' lang='lat' dir='ltr'><strong>qun</strong></span> <span class='ocrx_word' id='word_1_529' title='bbox 1150 4315 1246 4385; x_wconf 78' lang='lat' dir='ltr'><strong>legatis</strong></span> <span class='ocrx_word' id='word_1_530' title='bbox 1260 4316 1359 4369; x_wconf 87' lang='lat' dir='ltr'><strong>nostris</strong></span> <span class='ocrx_word' id='word_1_531' title='bbox 1380 4315 1513 4380; x_wconf 75' lang='lat' dir='ltr'><strong>desiimus,</strong></span> <span class='ocrx_word' id='word_1_532' title='bbox 1526 4317 1552 4369; x_wconf 92' lang='lat' dir='ltr'><strong>in</strong></span> <span class='ocrx_word' id='word_1_533' title='bbox 1566 4317 1691 4370; x_wconf 84' lang='lat' dir='ltr'><strong>omnihus</strong></span> <span class='ocrx_word' id='word_1_534' title='bbox 1707 4329 1754 4371; x_wconf 89' lang='lat' dir='ltr'><strong>ae·</strong></span> 
     </span>
     <span class='ocr_line' id='line_1_46' title="bbox 107 4403 1753 4477; baseline 0 -19"><span class='ocrx_word' id='word_1_535' title='bbox 107 4403 219 4460; x_wconf 88' lang='lat' dir='ltr'><strong>domino</strong></span> <span class='ocrx_word' id='word_1_536' title='bbox 230 4413 258 4460; x_wconf 91' lang='lat' dir='ltr'><strong>et</strong></span> <span class='ocrx_word' id='word_1_537' title='bbox 272 4405 328 4460; x_wconf 89' lang='lat' dir='ltr'><strong>iiiio</strong></span> <span class='ocrx_word' id='word_1_538' title='bbox 340 4415 433 4460; x_wconf 87' lang='lat' dir='ltr'><strong>nostro</strong></span> <span class='ocrx_word' id='word_1_539' title='bbox 446 4405 658 4462; x_wconf 86' lang='lat' dir='ltr'><strong>clementissimo</strong></span> <span class='ocrx_word' id='word_1_540' title='bbox 670 4405 784 4477; x_wconf 90' lang='lat' dir='ltr'><strong>principi</strong></span> <span class='ocrx_word' id='word_1_541' title='bbox 799 4405 904 4462; x_wconf 86' lang='lat' dir='ltr'><strong>debetis</strong></span> <span class='ocrx_word' id='word_1_542' title='bbox 958 4405 1025 4459; x_wconf 89' lang='lat' dir='ltr'><strong>ricm</strong></span> <span class='ocrx_word' id='word_1_543' title='bbox 1040 4404 1120 4459; x_wconf 81' lang='lat' dir='ltr'><strong>iuuisse</strong></span> <span class='ocrx_word' id='word_1_544' title='bbox 1135 4405 1307 4474; x_wconf 83' lang='lat' dir='ltr'><strong>completam.</strong></span> <span class='ocrx_word' id='word_1_545' title='bbox 1325 4404 1364 4458; x_wconf 91' lang='lat' dir='ltr'><strong>De</strong></span> <span class='ocrx_word' id='word_1_546' title='bbox 1378 4420 1428 4474; x_wconf 81' lang='lat' dir='ltr'><strong>qua</strong></span> <span class='ocrx_word' id='word_1_547' title='bbox 1442 4413 1526 4474; x_wconf 89' lang='lat' dir='ltr'><strong>parte,</strong></span> <span class='ocrx_word' id='word_1_548' title='bbox 1539 4415 1567 4458; x_wconf 93' lang='lat' dir='ltr'><strong>nt</strong></span> <span class='ocrx_word' id='word_1_549' title='bbox 1580 4405 1612 4458; x_wconf 89' lang='lat' dir='ltr'><strong>ad</strong></span> <span class='ocrx_word' id='word_1_550' title='bbox 1628 4405 1753 4459; x_wconf 80' lang='lat' dir='ltr'><strong>dilectio·</strong></span> 
     </span>
     <span class='ocr_line' id='line_1_47' title="bbox 108 4495 1752 4569; baseline 0 -20"><span class='ocrx_word' id='word_1_551' title='bbox 108 4495 246 4564; x_wconf 87' lang='lat' dir='ltr'><strong>insistere,</strong></span> <span class='ocrx_word' id='word_1_552' title='bbox 260 4511 294 4553; x_wconf 88' lang='lat' dir='ltr'><strong>ne</strong></span> <span class='ocrx_word' id='word_1_553' title='bbox 306 4497 332 4552; x_wconf 90' lang='lat' dir='ltr'><strong>iu</strong></span> <span class='ocrx_word' id='word_1_554' title='bbox 348 4498 470 4553; x_wconf 75' lang='lat' dir='ltr'><strong>enuidens</strong></span> <span class='ocrx_word' id='word_1_555' title='bbox 485 4497 620 4554; x_wconf 83' lang='lat' dir='ltr'><strong>civitatem</strong></span> <span class='ocrx_word' id='word_1_556' title='bbox 634 4497 722 4554; x_wconf 83' lang='lat' dir='ltr'><strong>denuo</strong></span> <span class='ocrx_word' id='word_1_557' title='bbox 737 4504 904 4552; x_wconf 84' lang='lat' dir='ltr'><strong>reuertatur:</strong></span> <span class='ocrx_word' id='word_1_558' title='bbox 959 4514 1020 4553; x_wconf 91' lang='lat' dir='ltr'><strong>nem</strong></span> <span class='ocrx_word' id='word_1_559' title='bbox 1042 4507 1113 4553; x_wconf 88' lang='lat' dir='ltr'><strong>tuam</strong></span> <span class='ocrx_word' id='word_1_560' title='bbox 1134 4499 1238 4569; x_wconf 86' lang='lat' dir='ltr'><strong>plenius</strong></span> <span class='ocrx_word' id='word_1_561' title='bbox 1265 4498 1412 4566; x_wconf 79' lang='lat' dir='ltr'><strong>perlectum</strong></span> <span class='ocrx_word' id='word_1_562' title='bbox 1436 4500 1560 4568; x_wconf 66' lang='lat' dir='ltr'><strong>garrulum</strong></span> <span class='ocrx_word' id='word_1_563' title='bbox 1588 4497 1752 4565; x_wconf 79' lang='lat' dir='ltr'><strong>perveniret,</strong></span> 
     </span>
     <span class='ocr_line' id='line_1_48' title="bbox 109 4547 1753 4662; baseline -0.002 -18"><span class='ocrx_word' id='word_1_564' title='bbox 109 4589 170 4656; x_wconf 89' lang='lat' dir='ltr'><strong>sed,</strong></span> <span class='ocrx_word' id='word_1_565' title='bbox 185 4590 364 4658; x_wconf 88' lang='lat' dir='ltr'><strong>episcopatus,</strong></span> <span class='ocrx_word' id='word_1_566' title='bbox 375 4606 454 4662; x_wconf 82' lang='lat' dir='ltr'><strong>quem</strong></span> <span class='ocrx_word' id='word_1_567' title='bbox 469 4606 605 4662; x_wconf 77' lang='lat' dir='ltr'><strong>nunonem</strong></span> <span class='ocrx_word' id='word_1_568' title='bbox 618 4591 687 4646; x_wconf 86' lang='lat' dir='ltr'><strong>bene</strong></span> <span class='ocrx_word' id='word_1_569' title='bbox 700 4589 794 4661; x_wconf 75' lang='lat' dir='ltr'><strong>pessit,</strong></span> <span class='ocrx_word' id='word_1_570' title='bbox 803 4589 906 4644; x_wconf 87' lang='lat' dir='ltr'><strong>bonore</strong></span> <span class='ocrx_word' id='word_1_571' title='bbox 920 4547 947 4609; x_wconf 58' lang='lat' dir='ltr'><strong>b</strong></span> <span class='ocrx_word' id='word_1_572' title='bbox 960 4592 1044 4648; x_wconf 90' lang='lat' dir='ltr'><strong>iibeiii</strong></span> <span class='ocrx_word' id='word_1_573' title='bbox 1055 4590 1166 4646; x_wconf 84' lang='lat' dir='ltr'><strong>ioannis</strong></span> <span class='ocrx_word' id='word_1_574' title='bbox 1179 4590 1271 4646; x_wconf 87' lang='lat' dir='ltr'><strong>iratris</strong></span> <span class='ocrx_word' id='word_1_575' title='bbox 1283 4599 1311 4645; x_wconf 88' lang='lat' dir='ltr'><strong>et</strong></span> <span class='ocrx_word' id='word_1_576' title='bbox 1327 4589 1526 4644; x_wconf 85' lang='lat' dir='ltr'><strong>consacerdotis</strong></span> <span class='ocrx_word' id='word_1_577' title='bbox 1537 4587 1620 4642; x_wconf 90' lang='lat' dir='ltr'><strong>nostri</strong></span> <span class='ocrx_word' id='word_1_578' title='bbox 1632 4587 1753 4656; x_wconf 86' lang='lat' dir='ltr'><strong>episcopi</strong></span> 
     </span>
     <span class='ocr_line' id='line_1_49' title="bbox 108 4680 1754 4755; baseline -0.002 -19"><span class='ocrx_word' id='word_1_579' title='bbox 108 4682 243 4751; x_wconf 88' lang='lat' dir='ltr'><strong>deposito,</strong></span> <span class='ocrx_word' id='word_1_580' title='bbox 255 4682 290 4737; x_wconf 83' lang='lat' dir='ltr'><strong>ab</strong></span> <span class='ocrx_word' id='word_1_581' title='bbox 305 4682 399 4740; x_wconf 87' lang='lat' dir='ltr'><strong>eedem</strong></span> <span class='ocrx_word' id='word_1_582' title='bbox 413 4683 474 4739; x_wconf 90' lang='lat' dir='ltr'><strong>ioco</strong></span> <span class='ocrx_word' id='word_1_583' title='bbox 490 4697 520 4739; x_wconf 85' lang='lat' dir='ltr'><strong>ac</strong></span> <span class='ocrx_word' id='word_1_584' title='bbox 536 4683 656 4742; x_wconf 85' lang='lat' dir='ltr'><strong>Ecclesia</strong></span> <span class='ocrx_word' id='word_1_585' title='bbox 678 4683 783 4753; x_wconf 75' lang='lat' dir='ltr'><strong>longius</strong></span> <span class='ocrx_word' id='word_1_586' title='bbox 799 4683 904 4755; x_wconf 74' lang='lat' dir='ltr'><strong>relege·</strong></span> <span class='ocrx_word' id='word_1_587' title='bbox 959 4683 1261 4753; x_wconf 83' lang='lat' dir='ltr'><strong>crustarrttnopotitmt,</strong></span> <span class='ocrx_word' id='word_1_588' title='bbox 1275 4692 1303 4738; x_wconf 87' lang='lat' dir='ltr'><strong>et</strong></span> <span class='ocrx_word' id='word_1_589' title='bbox 1319 4683 1416 4739; x_wconf 83' lang='lat' dir='ltr'><strong>irretini</strong></span> <span class='ocrx_word' id='word_1_590' title='bbox 1434 4680 1636 4737; x_wconf 83' lang='lat' dir='ltr'><strong>elementissimi</strong></span> <span class='ocrx_word' id='word_1_591' title='bbox 1654 4680 1754 4748; x_wconf 89' lang='lat' dir='ltr'><strong>priuci-</strong></span> 
     </span>
     <span class='ocr_line' id='line_1_50' title="bbox 109 4772 1754 4849; baseline 0 -22"><span class='ocrx_word' id='word_1_592' title='bbox 109 4783 163 4839; x_wconf 92' lang='lat' dir='ltr'><strong>tur,</strong></span> <span class='ocrx_word' id='word_1_593' title='bbox 172 4773 215 4829; x_wconf 82' lang='lat' dir='ltr'><strong>vei</strong></span> <span class='ocrx_word' id='word_1_594' title='bbox 227 4782 300 4829; x_wconf 85' lang='lat' dir='ltr'><strong>certe</strong></span> <span class='ocrx_word' id='word_1_595' title='bbox 308 4774 359 4830; x_wconf 86' lang='lat' dir='ltr'><strong>lruc</strong></span> <span class='ocrx_word' id='word_1_596' title='bbox 369 4773 403 4830; x_wconf 88' lang='lat' dir='ltr'><strong>ad</strong></span> <span class='ocrx_word' id='word_1_597' title='bbox 418 4774 511 4831; x_wconf 91' lang='lat' dir='ltr'><strong>urbem</strong></span> <span class='ocrx_word' id='word_1_598' title='bbox 524 4776 575 4831; x_wconf 90' lang='lat' dir='ltr'><strong>sub</strong></span> <span class='ocrx_word' id='word_1_599' title='bbox 586 4774 775 4846; x_wconf 88' lang='lat' dir='ltr'><strong>prosecutione</strong></span> <span class='ocrx_word' id='word_1_600' title='bbox 786 4786 904 4846; x_wconf 74' lang='lat' dir='ltr'><strong>eorrgrna</strong></span> <span class='ocrx_word' id='word_1_601' title='bbox 961 4779 1001 4849; x_wconf 89' lang='lat' dir='ltr'><strong>pis</strong></span> <span class='ocrx_word' id='word_1_602' title='bbox 1018 4777 1136 4834; x_wconf 85' lang='lat' dir='ltr'><strong>Orientis</strong></span> <span class='ocrx_word' id='word_1_603' title='bbox 1157 4791 1293 4832; x_wconf 88' lang='lat' dir='ltr'><strong>sacrarum</strong></span> <span class='ocrx_word' id='word_1_604' title='bbox 1309 4777 1459 4831; x_wconf 90' lang='lat' dir='ltr'><strong>litterarum</strong></span> <span class='ocrx_word' id='word_1_605' title='bbox 1474 4772 1638 4841; x_wconf 74' lang='lat' dir='ltr'><strong>exemplaria</strong></span> <span class='ocrx_word' id='word_1_606' title='bbox 1653 4773 1754 4843; x_wconf 90' lang='lat' dir='ltr'><strong>pariter</strong></span> 
     </span>
     <span class='ocr_line' id='line_1_51' title="bbox 107 4865 1754 4940; baseline -0.001 -19"><span class='ocrx_word' id='word_1_607' title='bbox 107 4866 250 4936; x_wconf 71' lang='lat' dir='ltr'><strong>dirigatur.</strong></span> <span class='ocrx_word' id='word_1_608' title='bbox 273 4867 312 4922; x_wconf 82' lang='lat' dir='ltr'><strong>hri</strong></span> <span class='ocrx_word' id='word_1_609' title='bbox 331 4867 401 4923; x_wconf 91' lang='lat' dir='ltr'><strong>hanc</strong></span> <span class='ocrx_word' id='word_1_610' title='bbox 419 4868 499 4924; x_wconf 89' lang='lat' dir='ltr'><strong>etiam</strong></span> <span class='ocrx_word' id='word_1_611' title='bbox 514 4879 617 4938; x_wconf 92' lang='lat' dir='ltr'><strong>partem</strong></span> <span class='ocrx_word' id='word_1_612' title='bbox 639 4867 767 4938; x_wconf 76' lang='lat' dir='ltr'><strong>crigiiare</strong></span> <span class='ocrx_word' id='word_1_613' title='bbox 787 4866 904 4940; x_wconf 86' lang='lat' dir='ltr'><strong>debetis,</strong></span> <span class='ocrx_word' id='word_1_614' title='bbox 959 4870 1119 4927; x_wconf 85' lang='lat' dir='ltr'><strong>credidimus</strong></span> <span class='ocrx_word' id='word_1_615' title='bbox 1145 4868 1324 4935; x_wconf 85' lang='lat' dir='ltr'><strong>destinaudn;</strong></span> <span class='ocrx_word' id='word_1_616' title='bbox 1345 4867 1493 4922; x_wconf 88' lang='lat' dir='ltr'><strong>indicantes</strong></span> <span class='ocrx_word' id='word_1_617' title='bbox 1513 4865 1686 4922; x_wconf 90' lang='lat' dir='ltr'><strong>nihilominus</strong></span> <span class='ocrx_word' id='word_1_618' title='bbox 1705 4882 1754 4937; x_wconf 87' lang='lat' dir='ltr'><strong>per</strong></span> 
     </span>
     <span class='ocr_line' id='line_1_52' title="bbox 108 4959 1754 5035; baseline 0.001 -22"><span class='ocrx_word' id='word_1_619' title='bbox 108 4974 144 5013; x_wconf 92' lang='lat' dir='ltr'><strong>ne</strong></span> <span class='ocrx_word' id='word_1_620' title='bbox 163 4959 295 5014; x_wconf 90' lang='lat' dir='ltr'><strong>inlocum</strong></span> <span class='ocrx_word' id='word_1_621' title='bbox 321 4959 380 5030; x_wconf 79' lang='lat' dir='ltr'><strong>ejus</strong></span> <span class='ocrx_word' id='word_1_622' title='bbox 399 4959 532 5016; x_wconf 76' lang='lat' dir='ltr'><strong>Aristides</strong></span> <span class='ocrx_word' id='word_1_623' title='bbox 557 4961 637 5015; x_wconf 88' lang='lat' dir='ltr'><strong>totius</strong></span> <span class='ocrx_word' id='word_1_624' title='bbox 657 4960 719 5016; x_wconf 84' lang='lat' dir='ltr'><strong>mali</strong></span> <span class='ocrx_word' id='word_1_625' title='bbox 739 4959 862 5018; x_wconf 89' lang='lat' dir='ltr'><strong>incentor</strong></span> <span class='ocrx_word' id='word_1_626' title='bbox 876 4967 904 5015; x_wconf 92' lang='lat' dir='ltr'><strong>et</strong></span> <span class='ocrx_word' id='word_1_627' title='bbox 959 4962 1075 5019; x_wconf 84' lang='lat' dir='ltr'><strong>Orientis</strong></span> <span class='ocrx_word' id='word_1_628' title='bbox 1087 4969 1176 5035; x_wconf 88' lang='lat' dir='ltr'><strong>partes</strong></span> <span class='ocrx_word' id='word_1_629' title='bbox 1188 4961 1315 5035; x_wconf 89' lang='lat' dir='ltr'><strong>plurimos</strong></span> <span class='ocrx_word' id='word_1_630' title='bbox 1329 4960 1470 5032; x_wconf 85' lang='lat' dir='ltr'><strong>episcopos</strong></span> <span class='ocrx_word' id='word_1_631' title='bbox 1484 4960 1522 5015; x_wconf 90' lang='lat' dir='ltr'><strong>sic</strong></span> <span class='ocrx_word' id='word_1_632' title='bbox 1534 4959 1638 5016; x_wconf 82' lang='lat' dir='ltr'><strong>iecisse.</strong></span> <span class='ocrx_word' id='word_1_633' title='bbox 1655 4960 1754 5030; x_wconf 85' lang='lat' dir='ltr'><strong>Super·</strong></span> 
     </span>
     <span class='ocr_line' id='line_1_53' title="bbox 106 5050 1754 5125; baseline 0.002 -22"><span class='ocrx_word' id='word_1_634' title='bbox 106 5050 235 5104; x_wconf 86' lang='lat' dir='ltr'><strong>consciut</strong></span> <span class='ocrx_word' id='word_1_635' title='bbox 251 5050 414 5121; x_wconf 87' lang='lat' dir='ltr'><strong>quibuslibet</strong></span> <span class='ocrx_word' id='word_1_636' title='bbox 438 5050 654 5122; x_wconf 88' lang='lat' dir='ltr'><strong>subreptionibus</strong></span> <span class='ocrx_word' id='word_1_637' title='bbox 669 5051 823 5106; x_wconf 88' lang='lat' dir='ltr'><strong>ordinetur:</strong></span> <span class='ocrx_word' id='word_1_638' title='bbox 840 5063 902 5106; x_wconf 83' lang='lat' dir='ltr'><strong>nam</strong></span> <span class='ocrx_word' id='word_1_639' title='bbox 957 5063 998 5111; x_wconf 87' lang='lat' dir='ltr'><strong>est</strong></span> <span class='ocrx_word' id='word_1_640' title='bbox 1023 5061 1081 5109; x_wconf 90' lang='lat' dir='ltr'><strong>uta</strong></span> <span class='ocrx_word' id='word_1_641' title='bbox 1097 5053 1175 5110; x_wconf 90' lang='lat' dir='ltr'><strong>nobis</strong></span> <span class='ocrx_word' id='word_1_642' title='bbox 1188 5050 1401 5125; x_wconf 82' lang='lat' dir='ltr'><strong>competentibus</strong></span> <span class='ocrx_word' id='word_1_643' title='bbox 1416 5052 1540 5124; x_wconf 88' lang='lat' dir='ltr'><strong>precibus</strong></span> <span class='ocrx_word' id='word_1_644' title='bbox 1560 5051 1690 5108; x_wconf 77' lang='lat' dir='ltr'><strong>Divinitas</strong></span> <span class='ocrx_word' id='word_1_645' title='bbox 1705 5068 1754 5106; x_wconf 84' lang='lat' dir='ltr'><strong>cr·</strong></span> 
     </span>
     <span class='ocr_line' id='line_1_54' title="bbox 108 5141 1755 5225; baseline 0.001 -30"><span class='ocrx_word' id='word_1_646' title='bbox 108 5141 174 5195; x_wconf 90' lang='lat' dir='ltr'><strong>nulii</strong></span> <span class='ocrx_word' id='word_1_647' title='bbox 186 5143 296 5211; x_wconf 90' lang='lat' dir='ltr'><strong>prodest</strong></span> <span class='ocrx_word' id='word_1_648' title='bbox 307 5142 404 5198; x_wconf 86' lang='lat' dir='ltr'><strong>ntutari</strong></span> <span class='ocrx_word' id='word_1_649' title='bbox 418 5158 572 5214; x_wconf 82' lang='lat' dir='ltr'><strong>personam,</strong></span> <span class='ocrx_word' id='word_1_650' title='bbox 584 5145 605 5199; x_wconf 88' lang='lat' dir='ltr'><strong>si</strong></span> <span class='ocrx_word' id='word_1_651' title='bbox 620 5144 741 5215; x_wconf 85' lang='lat' dir='ltr'><strong>ejusdem</strong></span> <span class='ocrx_word' id='word_1_652' title='bbox 754 5143 838 5199; x_wconf 90' lang='lat' dir='ltr'><strong>lorma</strong></span> <span class='ocrx_word' id='word_1_653' title='bbox 853 5158 903 5198; x_wconf 90' lang='lat' dir='ltr'><strong>nc·</strong></span> <span class='ocrx_word' id='word_1_654' title='bbox 959 5158 1033 5204; x_wconf 72' lang='lat' dir='ltr'><strong>irrata</strong></span> <span class='ocrx_word' id='word_1_655' title='bbox 1058 5147 1188 5205; x_wconf 71' lang='lat' dir='ltr'><strong>concedat</strong></span> <span class='ocrx_word' id='word_1_656' title='bbox 1206 5155 1337 5219; x_wconf 82' lang='lat' dir='ltr'><strong>quatenus</strong></span> <span class='ocrx_word' id='word_1_657' title='bbox 1360 5144 1394 5200; x_wconf 93' lang='lat' dir='ltr'><strong>de</strong></span> <span class='ocrx_word' id='word_1_658' title='bbox 1414 5145 1524 5202; x_wconf 85' lang='lat' dir='ltr'><strong>aliarum</strong></span> <span class='ocrx_word' id='word_1_659' title='bbox 1539 5160 1645 5225; x_wconf 82' lang='lat' dir='ltr'><strong>qnoque</strong></span> <span class='ocrx_word' id='word_1_660' title='bbox 1661 5143 1755 5199; x_wconf 84' lang='lat' dir='ltr'><strong>Eccle-</strong></span> 
     </span>
     <span class='ocr_line' id='line_1_55' title="bbox 108 5216 1758 5311; baseline 0.005 -27"><span class='ocrx_word' id='word_1_661' title='bbox 108 5232 199 5302; x_wconf 76' lang='lat' dir='ltr'><strong>quitiae</strong></span> <span class='ocrx_word' id='word_1_662' title='bbox 216 5243 389 5303; x_wconf 78' lang='lat' dir='ltr'><strong>perseveret:</strong></span> <span class='ocrx_word' id='word_1_663' title='bbox 406 5234 453 5290; x_wconf 87' lang='lat' dir='ltr'><strong>sed</strong></span> <span class='ocrx_word' id='word_1_664' title='bbox 468 5234 548 5290; x_wconf 89' lang='lat' dir='ltr'><strong>talem</strong></span> <span class='ocrx_word' id='word_1_665' title='bbox 569 5236 654 5290; x_wconf 91' lang='lat' dir='ltr'><strong>rirum</strong></span> <span class='ocrx_word' id='word_1_666' title='bbox 675 5235 778 5291; x_wconf 89' lang='lat' dir='ltr'><strong>debetis</strong></span> <span class='ocrx_word' id='word_1_667' title='bbox 791 5236 901 5307; x_wconf 80' lang='lat' dir='ltr'><strong>eligere,</strong></span> <span class='ocrx_word' id='word_1_668' title='bbox 958 5240 1060 5296; x_wconf 89' lang='lat' dir='ltr'><strong>siarum</strong></span> <span class='ocrx_word' id='word_1_669' title='bbox 1077 5238 1303 5309; x_wconf 75' lang='lat' dir='ltr'><strong>redintegratione</strong></span> <span class='ocrx_word' id='word_1_670' title='bbox 1318 5236 1494 5311; x_wconf 75' lang='lat' dir='ltr'><strong>gratulemur.</strong></span> <span class='ocrx_word' id='word_1_671' title='bbox 1512 5237 1549 5292; x_wconf 82' lang='lat' dir='ltr'><strong>Er</strong></span> <span class='ocrx_word' id='word_1_672' title='bbox 1566 5252 1632 5292; x_wconf 84' lang='lat' dir='ltr'><strong>uero</strong></span> <span class='ocrx_word' id='word_1_673' title='bbox 1650 5253 1708 5309; x_wconf 64' lang='grc' dir='ltr'><strong>[μου</strong></span> <span class='ocrx_word' id='word_1_674' title='bbox 1723 5216 1758 5294; x_wconf 77' lang='lat' dir='ltr'><strong>si-</strong></span> 
     </span>
     <span class='ocr_line' id='line_1_56' title="bbox 109 5325 1755 5402; baseline 0.001 -24"><span class='ocrx_word' id='word_1_675' title='bbox 109 5336 138 5379; x_wconf 91' lang='lat' dir='ltr'><strong>ut</strong></span> <span class='ocrx_word' id='word_1_676' title='bbox 151 5326 185 5382; x_wconf 86' lang='lat' dir='ltr'><strong>rie</strong></span> <span class='ocrx_word' id='word_1_677' title='bbox 196 5325 299 5398; x_wconf 84' lang='lat' dir='ltr'><strong>jndicio</strong></span> <span class='ocrx_word' id='word_1_678' title='bbox 311 5334 405 5382; x_wconf 85' lang='lat' dir='ltr'><strong>restro</strong></span> <span class='ocrx_word' id='word_1_679' title='bbox 419 5338 512 5383; x_wconf 82' lang='lat' dir='ltr'><strong>cuncta</strong></span> <span class='ocrx_word' id='word_1_680' title='bbox 522 5327 715 5385; x_wconf 87' lang='lat' dir='ltr'><strong>catholicorum</strong></span> <span class='ocrx_word' id='word_1_681' title='bbox 731 5326 904 5398; x_wconf 77' lang='lat' dir='ltr'><strong>congregatio</strong></span> <span class='ocrx_word' id='word_1_682' title='bbox 957 5332 1086 5402; x_wconf 77' lang='lat' dir='ltr'><strong>gniiicnre</strong></span> <span class='ocrx_word' id='word_1_683' title='bbox 1097 5332 1247 5387; x_wconf 87' lang='lat' dir='ltr'><strong>curarimus</strong></span> <span class='ocrx_word' id='word_1_684' title='bbox 1274 5331 1300 5387; x_wconf 91' lang='lat' dir='ltr'><strong>in</strong></span> <span class='ocrx_word' id='word_1_685' title='bbox 1313 5345 1405 5388; x_wconf 90' lang='lat' dir='ltr'><strong>eorum</strong></span> <span class='ocrx_word' id='word_1_686' title='bbox 1418 5329 1588 5386; x_wconf 84' lang='lat' dir='ltr'><strong>sacerdotum</strong></span> <span class='ocrx_word' id='word_1_687' title='bbox 1603 5325 1647 5399; x_wconf 87' lang='lat' dir='ltr'><strong>qni</strong></span> <span class='ocrx_word' id='word_1_688' title='bbox 1660 5326 1755 5379; x_wconf 85' lang='lat' dir='ltr'><strong>irater-</strong></span> 
     </span>
     <span class='ocr_line' id='line_1_57' title="bbox 106 5416 1754 5492; baseline 0.001 -24"><span class='ocrx_word' id='word_1_689' title='bbox 106 5417 265 5487; x_wconf 79' lang='lat' dir='ltr'><strong>gratuietur.</strong></span> <span class='ocrx_word' id='word_1_690' title='bbox 290 5416 324 5473; x_wconf 90' lang='lat' dir='ltr'><strong>lis</strong></span> <span class='ocrx_word' id='word_1_691' title='bbox 343 5419 423 5491; x_wconf 68' lang='lat' dir='ltr'><strong>igitur</strong></span> <span class='ocrx_word' id='word_1_692' title='bbox 437 5419 601 5488; x_wconf 74' lang='lat' dir='ltr'><strong>observatis,</strong></span> <span class='ocrx_word' id='word_1_693' title='bbox 624 5437 671 5492; x_wconf 91' lang='lat' dir='ltr'><strong>pro</strong></span> <span class='ocrx_word' id='word_1_694' title='bbox 688 5420 798 5476; x_wconf 66' lang='lat' dir='ltr'><strong>Thomas</strong></span> <span class='ocrx_word' id='word_1_695' title='bbox 816 5430 843 5475; x_wconf 93' lang='lat' dir='ltr'><strong>ct</strong></span> <span class='ocrx_word' id='word_1_696' title='bbox 858 5417 903 5474; x_wconf 86' lang='lat' dir='ltr'><strong>Ni·</strong></span> <span class='ocrx_word' id='word_1_697' title='bbox 960 5424 1035 5478; x_wconf 89' lang='lat' dir='ltr'><strong>uitati</strong></span> <span class='ocrx_word' id='word_1_698' title='bbox 1053 5431 1105 5479; x_wconf 82' lang='lat' dir='ltr'><strong>tuac</strong></span> <span class='ocrx_word' id='word_1_699' title='bbox 1121 5423 1200 5478; x_wconf 87' lang='lat' dir='ltr'><strong>ricini</strong></span> <span class='ocrx_word' id='word_1_700' title='bbox 1227 5431 1289 5478; x_wconf 89' lang='lat' dir='ltr'><strong>suut</strong></span> <span class='ocrx_word' id='word_1_701' title='bbox 1317 5422 1424 5479; x_wconf 88' lang='lat' dir='ltr'><strong>curabis</strong></span> <span class='ocrx_word' id='word_1_702' title='bbox 1449 5421 1565 5492; x_wconf 88' lang='lat' dir='ltr'><strong>perierre</strong></span> <span class='ocrx_word' id='word_1_703' title='bbox 1579 5419 1711 5483; x_wconf 89' lang='lat' dir='ltr'><strong>notitiam,</strong></span> <span class='ocrx_word' id='word_1_704' title='bbox 1727 5427 1754 5471; x_wconf 93' lang='lat' dir='ltr'><strong>ut</strong></span> 
     </span>
    </p>
   </div>
   <div class='ocr_carea' id='block_1_11' title="bbox 104 5507 1755 5597">
    <p class='ocr_par' dir='ltr' id='par_1_13' title="bbox 104 5507 1755 5597">
     <span class='ocr_line' id='line_1_58' title="bbox 104 5507 1755 5597; baseline 0.001 -33"><span class='ocrx_word' id='word_1_705' title='bbox 104 5509 218 5565; x_wconf 82' lang='lat' dir='ltr'><strong>nostrati</strong></span> <span class='ocrx_word' id='word_1_706' title='bbox 239 5508 349 5567; x_wconf 90' lang='lat' dir='ltr'><strong>iratrum</strong></span> <span class='ocrx_word' id='word_1_707' title='bbox 368 5522 397 5567; x_wconf 91' lang='lat' dir='ltr'><strong>et</strong></span> <span class='ocrx_word' id='word_1_708' title='bbox 423 5513 642 5584; x_wconf 84' lang='lat' dir='ltr'><strong>coepiscoporum</strong></span> <span class='ocrx_word' id='word_1_709' title='bbox 667 5523 818 5569; x_wconf 90' lang='lat' dir='ltr'><strong>nostrorum</strong></span> <span class='ocrx_word' id='word_1_710' title='bbox 840 5526 904 5597; x_wconf 86' lang='lat' dir='ltr'><strong>per·</strong></span> <span class='ocrx_word' id='word_1_711' title='bbox 958 5524 987 5572; x_wconf 87' lang='lat' dir='ltr'><strong>et</strong></span> <span class='ocrx_word' id='word_1_712' title='bbox 1000 5515 1052 5587; x_wconf 89' lang='lat' dir='ltr'><strong>ipsi</strong></span> <span class='ocrx_word' id='word_1_713' title='bbox 1067 5515 1100 5573; x_wconf 88' lang='lat' dir='ltr'><strong>dc</strong></span> <span class='ocrx_word' id='word_1_714' title='bbox 1112 5514 1208 5572; x_wconf 87' lang='lat' dir='ltr'><strong>ellectu</strong></span> <span class='ocrx_word' id='word_1_715' title='bbox 1222 5525 1302 5571; x_wconf 71' lang='lat' dir='ltr'><strong>tantae</strong></span> <span class='ocrx_word' id='word_1_716' title='bbox 1315 5516 1355 5572; x_wconf 92' lang='lat' dir='ltr'><strong>rei</strong></span> <span class='ocrx_word' id='word_1_717' title='bbox 1372 5515 1471 5586; x_wconf 66' lang='lat' dir='ltr'><strong>gratias</strong></span> <span class='ocrx_word' id='word_1_718' title='bbox 1486 5510 1623 5566; x_wconf 89' lang='lat' dir='ltr'><strong>nobiscum</strong></span> <span class='ocrx_word' id='word_1_719' title='bbox 1638 5507 1755 5565; x_wconf 83' lang='lat' dir='ltr'><strong>coelcrtla</strong></span> 
     </span>
    </p>
   </div>
   <div class='ocr_carea' id='block_1_12' title="bbox 103 5616 1757 5858">
    <p class='ocr_par' dir='ltr' id='par_1_14' title="bbox 103 5616 1757 5858">
     <span class='ocr_line' id='line_1_59' title="bbox 143 5616 1757 5724; baseline 0.006 -31"><span class='ocrx_word' id='word_1_720' title='bbox 143 5637 249 5718; x_wconf 58' lang='lat' dir='ltr'><strong>{Forte</strong></span> <span class='ocrx_word' id='word_1_721' title='bbox 264 5640 442 5724; x_wconf 71' lang='lat' dir='ltr'><strong>deiecimus,</strong></span> <span class='ocrx_word' id='word_1_722' title='bbox 456 5644 482 5698; x_wconf 92' lang='lat' dir='ltr'><strong>in</strong></span> <span class='ocrx_word' id='word_1_723' title='bbox 498 5644 638 5712; x_wconf 83' lang='lat' dir='ltr'><strong>iiispania.</strong></span> <span class='ocrx_word' id='word_1_724' title='bbox 658 5646 724 5700; x_wconf 84' lang='lat' dir='ltr'><strong>itam</strong></span> <span class='ocrx_word' id='word_1_725' title='bbox 746 5656 773 5700; x_wconf 91' lang='lat' dir='ltr'><strong>et</strong></span> <span class='ocrx_word' id='word_1_726' title='bbox 787 5660 905 5715; x_wconf 76' lang='lat' dir='ltr'><strong>sequens</strong></span> <span class='ocrx_word' id='word_1_727' title='bbox 999 5655 1019 5676; x_wconf 76' lang='lat'><strong>⁸·</strong></span> <span class='ocrx_word' id='word_1_728' title='bbox 1042 5649 1091 5707; x_wconf 86' lang='lat' dir='ltr'><strong>iiii</strong></span> <span class='ocrx_word' id='word_1_729' title='bbox 1115 5653 1289 5708; x_wconf 71' lang='lat' dir='ltr'><strong>connectent</strong></span> <span class='ocrx_word' id='word_1_730' title='bbox 1312 5644 1605 5718; x_wconf 74' lang='lat' dir='ltr'><strong>Constantinopolitano</strong></span> <span class='ocrx_word' id='word_1_731' title='bbox 1632 5616 1757 5703; x_wconf 73' lang='lat' dir='ltr'><strong>broeris</strong></span> 
     </span>
     <span class='ocr_line' id='line_1_60' title="bbox 103 5712 1324 5858; baseline 0.011 -24"><span class='ocrx_word' id='word_1_732' title='bbox 103 5712 892 5858; x_wconf 63' lang='lat' dir='ltr'><strong>‘illinitiiiitl&#39;tiiiliib,bilbilim</strong></span> <span class='ocrx_word' id='word_1_733' title='bbox 962 5723 1122 5780; x_wconf 56' lang='lat' dir='ltr'><strong>&#39;¹‘b³‘&#39;&#39;&#39;⁶²&#39;¹³</strong></span> <span class='ocrx_word' id='word_1_734' title='bbox 1137 5723 1324 5795; x_wconf 50' lang='lat' dir='ltr'><strong>“immi&#39;‘</strong></span> 
     </span>
     <span class='ocr_line' id='line_1_61' title="bbox 288 5822 904 5856; baseline 0.005 0"><span class='ocrx_word' id='word_1_735' title='bbox 288 5852 290 5856; x_wconf 17' lang='grc' dir='ltr'><em>Α</em></span> <span class='ocrx_word' id='word_1_736' title='bbox 500 5827 507 5852; x_wconf 79' lang='lat'>²</span> <span class='ocrx_word' id='word_1_737' title='bbox 599 5828 609 5841; x_wconf 63' lang='lat'><strong>⁸</strong></span> <span class='ocrx_word' id='word_1_738' title='bbox 650 5828 657 5842; x_wconf 90' lang='lat'><strong>·</strong></span> <span class='ocrx_word' id='word_1_739' title='bbox 895 5822 904 5843; x_wconf 80' lang='grc'><em>·</em></span> 
     </span>
    </p>
   </div>
   <div class='ocr_carea' id='block_1_13' title="bbox 0 0 1958 6180">
    <p class='ocr_par' dir='ltr' id='par_1_15' title="bbox 0 0 1958 6180">
     <span class='ocr_line' id='line_1_62' title="bbox 0 0 1958 6180; baseline 0 0"><span class='ocrx_word' id='word_1_740' title='bbox 0 0 1958 6180; x_wconf 95' lang='lat' dir='ltr'><strong> </strong></span> 
     </span>
    </p>
   </div>
  </div>
 </body>
</html>
