3906 6180
155 324 187 382 tl

153 454 205 500 nou
221 437 305 506 inisti,
322 438 411 496 sciens
423 439 486 511 quid
501 438 652 512 diligentia,
666 443 858 528 quidamantis
871 449 946 505 solli·
957 454 986 513 A
996 458 1099 506 avertat
1112 450 1249 520 divinitas,
1265 468 1300 509 ue
1314 468 1431 525 unquam
1445 454 1601 514 testimonio
1612 470 1672 511 meo
1685 457 1786 528 tragili-

154 531 245 590 citudo
265 529 398 602 flagitaret
413 548 421 588 s
436 533 523 588 lactus
537 547 566 589 es
579 533 710 592 bonarum
726 552 815 594 rerum
829 542 945 610 nescius,

154 636 297 697 postqum
321 634 347 681 te
370 624 403 680 ad
423 625 567 682 obtinenda
591 643 650 698 quar
671 640 798 700 putantur
817 635 945 703 marinna,

154 718 364 775 transmisimus.
379 717 455 786 Quod
468 728 568 789 restat,
582 721 656 791 vale,
672 731 699 778 ct
712 726 846 796 accipiens
860 729 947 783 moni-

153 810 221 865 toris
243 808 346 877 rerba,
372 809 540 866 melioratum
565 821 591 868 te
614 814 767 884 scriptionis
790 818 946 876 assiduitate

153 900 270 974 divulga.

427 991 590 1051 Epistula
611 994 671 1057 llll.

432 1098 558 1139 ennomus
578 1101 666 1142 rutro.

186 1173 257 1229 lium
269 1172 388 1229 remedia
400 1186 448 1229 sua
463 1176 559 1244 querit
570 1176 685 1246 allectio,
698 1189 726 1236 et
738 1188 832 1236 astum
844 1183 944 1239 sollici·

153 1263 252 1319 tudiois
275 1263 411 1334 colloquio
425 1266 498 1334 cupit
512 1268 649 1325 mediante
671 1271 806 1341 relevari,
825 1275 944 1331 ardescit

152 1355 258 1410 animus
271 1355 433 1425 provisionis
447 1355 579 1412 beneficio
594 1373 602 1412 ι
616 1362 687 1416 unde
704 1361 837 1433 exstingui
854 1365 943 1420 credi·

154 1456 213 1511 tur,
231 1448 393 1517 geminatum
412 1448 557 1519 diligentie
577 1453 662 1522 surgit
682 1454 844 1510 incendium.
865 1456 944 1527 Saepe

153 1539 219 1603 milri
243 1538 391 1608 bajulorum
405 1541 510 1608 copiam
531 1543 694 1613 perquirenti
717 1543 778 1599 inde
795 1560 944 1616 aegrescere

155 1633 287 1704 contigit,
308 1633 378 1688 unde
400 1635 531 1702 opinabar
554 1635 624 1704 quod
649 1638 789 1706 prodesset
809 1637 941 1694 accidere.

155 1722 226 1779 Ecce
243 1724 365 1780 rnedetur
383 1724 523 1780 desideriis
538 1725 621 1791 meis,
641 1728 686 1797 qui
709 1741 818 1783 suorum
837 1729 869 1783 ad
894 1743 943 1784 ros

797 329 1035 392 beterottltttll
1053 335 1119 392 tle.
1133 336 1163 392 V.

1752 347 1788 404 98

1000 549 1042 596 tas
1054 543 1132 598 elaris
1145 544 1266 599 moribus
1278 545 1384 601 inimica
1400 546 1540 616 subripiat.
1555 545 1631 602 Nulla
1642 557 1693 608 est.
1709 563 1788 616 quam

1000 633 1089 701 opinte
1100 634 1233 699 texuistis,
1244 636 1270 689 in
1281 637 1357 692 vobis
1367 637 1467 692 erroris
1476 651 1555 695 musa
1564 654 1643 707 quam
1656 642 1788 695 recolamc
1820 642 1824 652 '

999 732 1027 778 et
1040 723 1061 776 si
1071 739 1120 806 pru
1136 724 1239 780 meritis
1254 726 1321 781 meis
1342 727 1505 794 exstitisset,
1521 728 1651 783 bonorum
1667 740 1788 786 veterum

999 813 1187 871 recordatione
1214 818 1357 885 sopiretur.
1390 817 1466 884 Quod
1495 827 1597 884 restat,
1619 818 1725 886 valete,
1744 809 1788 875 ‘mi

998 904 1120 971 dominc,
1131 918 1157 961 et
1168 910 1220 962 iter
1229 922 1318 964 meum
1330 917 1452 962 votorum
1467 908 1629 979 benignitate
1642 911 1787 979 prosecuti,

998 996 1117 1052 caritatis
1131 998 1319 1054 recordatione
1334 999 1463 1054 absentiae
1477 1013 1544 1054 meae
1558 999 1653 1056 damna
1670 1011 1788 1071 pensate.

1259 1088 1427 1144 tetstuta
1447 1090 1529 1145 llllll.

1229 1181 1385 1235 ensurius·
1409 1197 1551 1236 vsntnrro.

1034 1267 1062 1324 Si
1076 1270 1233 1339 proximitas
1246 1273 1384 1340 sanguinis
1401 1272 1434 1326 ad
1451 1271 1615 1340 diligentiam
1630 1283 1735 1330 mentes
1750 1275 1789 1330 io·

998 1359 1081 1426 vitat,
1097 1362 1131 1430 pii
1148 1362 1247 1415 amoris
1259 1363 1403 1416 obsecutus
1418 1362 1549 1431 imperiis,
1564 1365 1649 1432 gestio
1664 1381 1706 1421 me
1719 1382 1786 1436 prm·

996 1450 1071 1507 vium
1086 1450 1242 1520 prestitisse
1255 1467 1425 1522 sermonem,
1442 1462 1469 1508 et
1483 1453 1597 1509 orditum
1611 1456 1719 1526 paginas
1730 1473 1788 1511 anr-

997 1541 1148 1611 plectendis
1171 1544 1240 1598 riam
1268 1559 1402 1600 reserasse
1424 1545 1573 1614 colloquiis.
1609 1546 1657 1600 lliu
1682 1547 1790 1617 quidem

997 1648 1074 1690 cassa
1087 1637 1286 1705 exspectatione
1299 1645 1459 1702 maceratus,
1475 1637 1538 1691 duat
1552 1638 1660 1708 operior
1670 1640 1790 1709 paginas,

997 1742 1052 1782 non
1066 1728 1153 1783 emisi.
1177 1727 1232 1784 Sed
1247 1729 1397 1783 calcaribus
1411 1729 1467 1783 suis
1480 1733 1598 1784 animum
1614 1745 1702 1784 meum
1724 1730 1792 1786 indit

154 1827 232 1868 causa
243 1804 414 1885 properailt:
427 1815 456 1869 lit
466 1815 648 1885 adiumentum
660 1817 828 1874 necessitatis
839 1820 945 1887 alienae,
962 1818 1117 1887 Ballectio,
1134 1819 1209 1874 etad
1228 1819 1387 1875 tabellarum
1401 1821 1490 1874 munia
1506 1819 1620 1886 priorem
1639 1818 1700 1875 iecit
1718 1835 1791 1876 acce·

154 1907 224 1976 quod
240 1908 584 1978 proprtaconsideratione
597 1912 752 1981 suscipitur.
772 1911 870 1968 videro
881 1913 946 1982 quid
1000 1909 1076 1966 dere.
1093 1911 1104 1943 ⁸
1121 1912 1208 1967 llabes
1222 1912 1441 1982 prerogativam,
1461 1909 1484 1965 si
1499 1912 1567 1965 bene
1587 1911 1716 1980 conjicio,
1731 1913 1792 1980 plus

154 2001 387 2057 commendatione
399 2015 458 2056 mea
468 2000 629 2057 bonifacius
648 2013 824 2072 promoveat:
840 2005 947 2061 interim
966 2019 969 2024 ·
998 2004 1116 2059 amantis
1137 2005 1246 2073 :quiet
1264 2011 1325 2073 post
1339 2003 1498 2075 productum
1518 2001 1617 2057 silentii
1637 2004 1719 2057 restri
1737 2011 1792 2058 stu·

134 2141 138 2150 ,
156 2089 303 2157 opitulatur
315 2091 408 2147 studiis
422 2093 506 2159 meis,
520 2094 591 2162 quod
611 2095 724 2164 prolixis
737 2112 751 2149 a
766 2112 808 2151 me
824 2097 948 2167 precibus
1000 2093 1074 2150 dium
1088 2094 1193 2164 loquor,
1209 2104 1236 2151 et
1247 2094 1333 2151 debeo
1346 2094 1508 2151 verecundia
1521 2093 1708 2148 commendare
1720 2094 1791 2164 quod

89 2198 94 2207 ·
155 2181 320 2250 impetrarit.
346 2183 422 2240 llunc
441 2185 517 2240 bonis
538 2197 628 2242 ortum
648 2189 781 2244 ruatalibus
796 2192 873 2246 testis
885 2207 948 2246 san·
1001 2184 1083 2239 lacui·
1096 2185 1172 2239 Nunc
1187 2194 1287 2251 tameo,
1301 2200 1335 2239 ¹¹⁰
1350 2183 1503 2252 elt¹⁵¹⁰¹³il⁵
1516 2184 1687 2240 ⁰⁰⁰⁰5¹¹¹¹⁸⁰⁰
1702 2194 1791 2239 traus-

152 2275 241 2343 guinis
256 2289 333 2331 mens
347 2276 479 2346 designat.
500 2277 662 2334 Germanum
682 2295 758 2335 suum
779 2282 906 2351 praetarus
920 2285 948 2339 qn
1000 2288 1093 2345 gressa
1108 2275 1253 2330 terminum
1267 2274 1428 2330 devenustet
1445 2285 1599 2342 auctorem,
1622 2275 1791 2332 salutationis

152 2364 288 2422 ricinitate
298 2368 479 2438 Aquileiensis
489 2371 604 2427 ciuitatis
614 2374 781 2430 asseritesse
791 2376 946 2445 captivum:
1000 2367 1111 2422 servilia
1126 2367 1305 2436 deponendo,
1325 2366 1376 2421 ⁰²⁵5
1390 2381 1510 2430 mercor,
1532 2365 1678 2435 dlbssiilfflll
1693 2378 1792 2422 Vim

153 2459 195 2527 qui
211 2468 240 2514 ut
254 2472 269 2511 a
281 2459 357 2514 rolris·
369 2460 493 2530 juretur,
515 2464 646 2532 exposcis,
671 2464 777 2519 sgnmae
790 2467 886 2520 alffinus
900 2482 947 2522 qe.
1001 2456 1307 2514 conciliandusuccurro
1318 2471 1326 2511 :
1338 2458 1398 2526 quia
1414 2457 1547 2526 potiorum
1560 2455 1707 2511 sublimitas
1718 2471 1792 2512 com·

131 2603 132 2608 ,
152 2559 215 2603 stro
230 2549 400 2606 consuetudo
414 2543 528 2621 vulgata
544 2560 608 2607 est:
626 2546 705 2610 talem
720 2556 799 2610 ruitum
815 2555 946 2612 bonorum
1001 2552 1129 2606 munione
1142 2552 1305 2620 geminatur,
1319 2558 1346 2603 et
1361 2549 1444 2602 lacent
1460 2548 1566 2616 utraelert
1579 2548 1791 2606 eminentissimo

154 2652 260 2697 actuum
278 2644 399 2699 obsidem
411 2642 466 2713 jam
486 2644 613 2709 dedistis,
629 2661 644 2699 a
666 2663 716 2715 qua
735 2646 807 2702 reiut
826 2648 946 2703 debitum

157 2741 260 2802 poscat,
274 2736 318 2803 qui
331 2735 483 2791 calamitate
497 2737 666 2806 deprimitur.
686 2739 796 2794 Domine
811 2740 858 2804 mi,
872 2741 946 2796 acci·

154 2825 262 2893 pientes
275 2826 357 2892 plenae
370 2827 537 2904 salutationis
549 2830 718 2899 obsequium,
733 2828 810 2885 lacite
823 2831 945 2901 exorari,

154 2916 224 2985 quod
238 2925 340 2987 sponte
351 2922 536 2986 consuevistis,
553 2935 580 2977 ιιι
597 2923 643 2994 qui
656 2925 753 2980 vestris
766 2925 879 2998 supplex
890 2935 944 2993 est,

154 3011 228 3064 atteri
242 3023 304 3065 eum
322 3024 383 3068 esse
397 3024 450 3066 non
464 3012 554 3067 liceat.

418 3104 580 3160 esistunt
602 3104 673 3161 llllt.

429 3211 556 3251 ennomus
574 3212 665 3253 trrro.

191 3283 399 3353 bstipulatorem
411 3303 454 3342 nuc
464 3286 600 3358 opinionis
617 3302 673 3344 susc
687 3288 842 3361 magnitudo
855 3297 944 3347 uestra

159 3376 195 3432 ita
210 3380 401 3450 supplicatione
417 3385 543 3452 postulat,
558 3386 633 3454 quasi
649 3382 681 3437 ad
696 3383 829 3439 arruicitias
843 3382 947 3439 recenti

159 3470 245 3527 adbuc
256 3472 305 3527 sim
325 3474 423 3529 incude
440 3474 571 3530 lorruatus
590 3492 597 3530 ι
613 3485 727 3533 autnon
744 3479 820 3547 genio
835 3490 884 3531 suo
898 3477 966 3531 de·.

157 3569 276 3638 fraudet,
297 3571 343 3640 qui
371 3571 535 3641 propositum
558 3572 701 3641 diligentiae
718 3572 768 3627 sub
789 3585 948 3642 quacunque

155 3661 296 3717 occasione
308 3671 465 3718 commutat.
487 3661 614 3718 Facessat
627 3677 643 3717 a
657 3663 814 3718 ctrrlsrianrs
827 3663 949 3718 moribus

155 3752 226 3805 raria
241 3751 278 3808 de
292 3761 400 3806 amante
413 3754 545 3808 sententia
561 3771 568 3808 r
582 3753 627 3823 qui
640 3753 757 3808 oillcium
772 3753 827 3808 oris
841 3753 881 3808 sui
897 3753 948 3812 de-

156 3840 283 3897 dicaverit
295 3841 429 3907 iaudibus,
444 3843 556 3900 liberum
572 3859 625 3899 uon
641 3845 720 3901 babet
733 3845 857 3901 inchoata
872 3846 950 3902 dese-

156 3948 233 4000 rere,
254 3951 291 3990 ue
305 3935 462 3991 devenustet
477 3936 579 4005 pralon
600 3937 677 3992 mella
700 3940 827 4008 praeconii
847 3938 951 3995 uilitate

157 4028 338 4097 sequentium.
365 4028 460 4083 videro
479 4032 522 4100 qui
539 4030 547 4059 ¹
563 4029 698 4100 ingenium
720 4032 814 4086 credat
833 4046 894 4088 esse
907 4046 950 4086 se·

157 4120 223 4175 ctari
239 4123 410 4188 novitatem3
431 4139 480 4194 egu
507 4135 536 4178 ut
558 4125 633 4180 tarde
650 4124 752 4179 amicos
765 4125 854 4194 eligo,
871 4126 905 4179 ita
922 4124 949 4178 in

157 4212 197 4269 bis
210 4213 441 4272 indemutabiliter
454 4233 604 4287 persevero.
621 4218 683 4273 llilti
698 4218 803 4282 adsum,
822 4219 950 4288 quotiens

157 4308 313 4376 opinionem
327 4319 443 4365 vestram
459 4311 538 4366 astris
550 4325 692 4380 aequavero
706 4327 713 4364 ι
727 4310 789 4379 quia
800 4309 869 4379 apud
882 4321 950 4378 quos

157 4399 241 4471 ignoti
253 4414 347 4456 sumus
362 4402 481 4456 moribus
502 4405 618 4469 nostris,
631 4403 666 4458 dc
682 4402 818 4457 sodalibus
832 4400 952 4455 aestima-

158 4507 227 4547 mur.
251 4492 320 4547 Vere
345 4493 432 4548 lateor
459 4493 629 4563 splendorem
650 4493 821 4549 conscientiae
842 4500 949 4556 vestra,

1000 2644 1086 2711 gratia
1100 2658 1228 2700 concessa
1244 2642 1381 2710 subjectis.

1253 2731 1420 2789 bristout
1440 2729 1534 2787 tlltltt.

1239 2837 1366 2879 snnoorus
1380 2838 1552 2878 conseruato.

1036 2920 1064 2977 Si
1080 2920 1171 2976 liceret
1184 2934 1243 2975 cum
1256 2918 1440 2988 magnitudine
1453 2925 1541 2972 restra
1556 2930 1631 2981 aequa
1643 2925 1715 2971 sorte
1727 2930 1792 2972 con·

1001 3011 1074 3067 tendi
1089 3026 1096 3067 ς
1112 3012 1135 3065 si
1150 3011 1281 3074 bonores,
1297 3021 1374 3073 aetas,
1391 3009 1515 3060 ureritnnr
1531 3007 1602 3074 quod
1615 3005 1690 3058 vobis
1705 3006 1791 3060 lacem
1855 3003 1864 3023 ‘

1000 3101 1137 3170 praetulit,
1159 3116 1208 3153 nos
1227 3113 1280 3152 non
1301 3100 1327 3150 in
1342 3100 1463 3150 umbram
1480 3106 1605 3165 cogeret,
1632 3110 1683 3164 ego
1703 3099 1791 3165 plutius

960 3188 985 3254 C
1003 3194 1109 3250 culmen
1125 3201 1242 3249 tactuum
1259 3193 1295 3247 de
1313 3190 1470 3245 tabellarum
1486 3187 1647 3245 abstinentia
1659 3187 1719 3259 inre
1733 3176 1805 3245 enl-'
1863 3255 1867 3266 1

1000 3301 1105 3356 perenn
1118 3285 1162 3353 qui
1172 3294 1310 3353 postquam
1321 3281 1353 3334 ad
1368 3280 1461 3335 urbem
1471 3280 1581 3333 Romam
1592 3279 1703 3349 proiecti
1715 3279 1791 3349 estis,

1000 3378 1073 3432 nulla
1095 3391 1140 3432 me
1159 3373 1352 3430 recordationis
1367 3371 1444 3440 iruge
1462 3370 1633 3426 sublevastis.
1651 3369 1704 3426 Sed
1720 3371 1792 3437 vide,

1000 3486 1049 3542 per
1071 3483 1161 3525 rerum
1186 3465 1380 3538 providentiam
1406 3478 1484 3532 quant
1509 3470 1586 3517 cauta
1600 3469 1642 3518 est
1656 3462 1792 3518 seniorum

1000 3563 1182 3632 dispensatio,
1197 3570 1223 3614 et
1238 3557 1373 3613 lubricatis
1388 3557 1465 3626 plena
1480 3553 1672 3608 sermonibus:
1686 3566 1792 3621 praeve·

1000 3655 1072 3709 nitur
1087 3651 1203 3722 querelis
1218 3650 1369 3705 innocentia
1382 3663 1389 3700 ι
1401 3655 1428 3700 et
1442 3660 1475 3700 ne
1487 3644 1606 3698 dolorem
1619 3658 1695 3698 suuur
1712 3643 1738 3697 in
1754 3643 1793 3697 iu-

1002 3762 1060 3804 cem
1076 3748 1215 3817 producat,
1232 3740 1351 3811 arguitur
1368 3756 1375 3793 ι
1391 3738 1419 3791 lit
1432 3752 1489 3802 rea,
1503 3751 1536 3792 ne
1550 3734 1639 3790 iaciat.
1655 3734 1724 3804 Ergo
1736 3733 1793 3790 bruc

1002 3839 1067 3896 mibi
1080 3838 1231 3907 digrediens
1246 3835 1377 3904 promissa
1393 3831 1565 3887 contuleras?
1579 3829 1637 3884 baec
1651 3830 1792 3883 deoscula-

1002 3938 1057 3984 tum
1073 3926 1337 3990 liducia'sublevasti,
1351 3933 1380 3979 ut
1393 3922 1530 3976 crederent
1544 3921 1596 3974 mei
1623 3919 1793 3975 immemores

1001 4040 1050 4080 vos
1064 4022 1188 4078 luctuosi
1207 4036 1240 4075 an
1257 4018 1290 4074 ad
1304 4016 1376 4072 alind
1389 4015 1523 4069 attributae
1537 4021 1600 4068 sunt
1613 4014 1726 4082 paginae,
1742 4010 1792 4067 nisi

1002 4127 1032 4172 ut
1056 4124 1159 4171 secreta
1183 4122 1322 4182 pectorum
1347 4109 1401 4163 oris
1425 4108 1500 4162 clare
1524 4104 1714 4159 manifestent?
1739 4101 1793 4158 Sed

1003 4209 1123 4263 abstineo
1136 4203 1288 4275 prolixitate
1301 4200 1434 4270 paginali,
1451 4213 1484 4253 ne
1498 4198 1666 4267 grandiorem
1681 4200 1793 4264 generet

1002 4297 1186 4359 contabulatio
1199 4294 1328 4364 producta
1342 4304 1493 4344 rancorem.
1506 4289 1547 4342 Ad
1560 4288 1727 4341 salutationis
1742 4286 1792 4342 ob·

1003 4391 1096 4461 sequia
1110 4403 1153 4445 me
1167 4388 1287 4449 reduco,
1300 4394 1396 4452 rogans
1411 4388 1441 4433 ut
1454 4394 1502 4447 pro
1517 4394 1560 4430 mc
1574 4377 1643 4445 apud
1657 4376 1793 4443 apostolos

1004 4484 1050 4539 lici
1064 4493 1158 4549 preces
1171 4476 1303 4540 edundas,
1318 4483 1346 4527 ut
1357 4485 1448 4526 tortum
1463 4467 1599 4523 betteliciis
1611 4464 1731 4520 mortalis
1745 4480 1793 4518 an-

159 4584 236 4641 lamae
249 4585 317 4655 rice,
330 4586 464 4656 copiosius
477 4589 488 4618 ¹
503 4586 595 4643 cliudi.
611 4588 680 4642 ante
692 4584 835 4640 aduentum
849 4582 948 4639 culmi·
962 4569 1095 4646 Dgustizc
1107 4576 1248 4641 superetur
1261 4563 1424 4629 obscenitas,
1434 4570 1461 4616 et
1475 4559 1509 4615 de
1524 4573 1591 4628 puro
1606 4557 1792 4613 mandaturum

159 4676 199 4730 nis
212 4675 272 4742 tui,
287 4676 419 4748 obsequio
436 4677 570 4734 sermonis
587 4678 639 4733 mei
659 4678 685 4732 in
706 4675 834 4746 liguria,
856 4672 949 4745 quanti

160 4769 265 4840 essetis,
281 4761 408 4826 innotuit.
422 4772 477 4828 Deo
489 4773 599 4844 gratias,
614 4773 730 4843 quicum
744 4771 875 4826 sententia
889 4783 950 4825 mea

160 4863 170 4885 ·
182 4862 385 4932 generalitatem
399 4865 461 4920 lecit
475 4864 575 4920 babere
589 4864 771 4920 concordiam.
788 4863 894 4919 Utinam
906 4877 950 4918 me

162 4969 213 5010 non
229 4956 383 5012 humiliaret
402 4970 543 5030 paupertas
557 4957 674 5027 eloquii!
700 4958 760 5027 plus
775 4956 875 5013 babent
889 4966 950 5013 vota

163 5046 193 5102 de
206 5048 311 5103 meritis
324 5051 396 5115 tuis,
417 5065 496 5121 quam
517 5050 635 5121 proferat
648 5051 737 5119 lingua
753 5050 787 5105 de
802 5048 925 5103 laudibus
939 5062 948 5103 :

164 5136 238 5209 inops
253 5137 384 5194 facundiae
398 5154 446 5209 per
459 5155 631 5211 quoscunque
645 5142 844 5211 strepitusque
857 5137 950 5209 gloriae

165 5238 212 5286 tuae
233 5239 377 5301 potuerunt
395 5232 558 5301 contenire,
579 5248 632 5288 non
652 5233 732 5288 tacui.
752 5231 832 5289 Facta
848 5239 891 5286 est
905 5229 951 5285 lux

165 5324 232 5393 genii
248 5326 329 5381 restri
351 5326 522 5382 conscientiae
541 5343 609 5384 mem
629 5327 834 5383 demonstratio.
854 5322 950 5381 Procul

200 5483 207 5512 ¹
227 5480 254 5536 Ιιι
268 5481 334 5536 edit.
350 5481 470 5550 Sebolti,
486 5484 631 5553 ittqenurtm.

199 5550 210 5581 ¹
228 5551 255 5606 ln
268 5552 332 5606 edit.
349 5552 463 5620 Sebotti,
480 5554 588 5621 effundi.

198 5620 209 5651 ⁸
230 5620 366 5694 venantio]
382 5623 444 5676 Viro
459 5624 616 5686 clarissimo,
633 5624 679 5678 lib.
694 5638 733 5689 rr,
744 5620 823 5689 epist.
837 5620 863 5676 9.
879 5619 951 5676 linos

167 5691 242 5760 liujus
252 5695 302 5747 ocri
311 5691 457 5747 Venantios
469 5701 659 5749 commemorat
668 5693 851 5746 Cassiodorus.
861 5692 950 5747 linum

166 5765 248 5818 rirum
263 5764 454 5830 spectabilem,
469 5774 648 5818 correctorem
666 5763 788 5817 Lucaniae
802 5771 829 5816 et
845 5762 949 5816 Brutin-

167 5849 224 5890 rum
238 5833 286 5890 bb.
301 5849 347 5902 ru,
367 5834 447 5906 epist.
469 5834 486 5892 8
500 5842 528 5891 et
541 5833 591 5903 td,
603 5848 681 5906 quem
699 5832 806 5902 quidem
825 5830 950 5892 eumdem

1002 4667 1153 4725 coelestium
1167 4663 1274 4720 tramite
1290 4673 1366 4716 nuens
1380 4670 1475 4714 serena
1491 4652 1650 4725 gratuletur.

1260 4748 1425 4806 bvtstotu
1444 4745 1539 4800 lixit.

1262 4857 1389 4900 ausonios
1408 4856 1530 4897 tuconro.

1003 4944 1027 4980 “-
1039 4945 1112 5001 Bene
1134 4940 1233 5012 cupitis
1252 4949 1367 5007 superna
1388 4931 1553 5003 dispensatio
1567 4929 1641 4986 dedit
1657 4929 1792 4995 edoctum,

1003 5038 1074 5096 etde
1086 5034 1216 5107 negotiosi
1226 5029 1367 5088 occasionn
1378 5025 1502 5095 colloquii
1515 5024 1659 5079 fraternam
1672 5023 1793 5078 reiorens

1003 5131 1180 5201 diligentiam,
1196 5122 1267 5196 quod
1283 5119 1424 5191 putabatur
1439 5117 1631 5183 necessarium,
1644 5113 1705 5171 lecit
1717 5125 1794 5183 opta·

1004 5225 1067 5280 bile.
1082 5223 1151 5278 ilinc
1165 5218 1282 5276 coelestis
1296 5230 1361 5271 cura
1375 5214 1448 5284 nepti
1462 5227 1529 5269 meoe
1544 5226 1653 5282 procum
1668 5225 1721 5264 non
1736 5224 1793 5263 om·
1824 5233 1830 5246 ·

1002 5302 1790 5384 minoasanguinenustroperegrinantemjussitaeccdere:

973 5486 975 5495 ·
1002 5472 1086 5528 irrisse
1100 5484 1160 5526 eum
1183 5465 1340 5522 bonodiano
1360 5463 1426 5518 nibil
1445 5471 1528 5517 vetat.
1550 5459 1670 5512 lllternrn
1692 5453 1792 5510 liberii

1003 5544 1105 5606 illiont,
1129 5541 1214 5594 viruuu
1239 5539 1389 5597 illustrem,
1413 5538 1457 5602 qui
1477 5545 1567 5585 comes
1585 5530 1792 5607 domesticorum

1003 5629 1121 5681 vacans,
1136 5622 1242 5666 creatur
1263 5625 1277 5662 a
1296 5606 1461 5662 Tirenderrco
1477 5603 1522 5654 lib.
1544 5613 1562 5652 ιι
1572 5642 1585 5679 ,¹
1599 5605 1678 5664 eptst.
1701 5599 1749 5663 t5,
1765 5605 1793 5653 et

1004 5686 1150 5740 venantius
1166 5682 1291 5753 patricius
1307 5680 1403 5732 dicitur
1420 5674 1465 5728 lib.
1486 5685 1527 5739 tv,
1544 5679 1622 5740 eptst.
1640 5667 1683 5722 bd.

1038 5755 1050 5788 ⁸
1070 5758 1096 5809 lu
1110 5753 1175 5808 edit.
1190 5753 1302 5811 Scitotti,
1317 5746 1418 5801 Habeo.
1610 5810 1616 5823 .
1639 5810 1645 5821 1

1038 5828 1049 5851 ·
1068 5819 1278 5890 Generalitotem]
1293 5818 1334 5875 liu
1346 5813 1511 5889 permultari
1524 5809 1578 5870 sed
1591 5809 1657 5868 utbtl
1669 5816 1754 5866 muto.
