3906 6180
226 330 261 390 99
772 329 906 387 euanuit
925 326 1077 387 uersauit
1096 326 1284 388 ttctuuuuts
1803 331 1856 388 ibt)

225 454 254 499 ut
266 443 329 498 dum
343 442 499 500 consulendi
514 444 594 499 instat
607 444 804 514 opportunitas,
817 454 911 501 saneto
924 443 1009 499 amori
1023 445 1050 506 Α
1062 449 1174 514 pereunt
1193 458 1201 496 ι
1225 442 1313 511 potior
1338 439 1397 501 sitis
1418 448 1478 509 est,
1501 457 1580 514 quant
1605 442 1737 504 undarum
1762 453 1855 515 gustus

224 540 318 610 pabula
334 545 532 606 precarentur.
547 535 597 591 Vix
612 535 789 602 sustinebam,
805 535 900 600 latent,
915 549 1009 603 procu·
1063 539 1227 600 exaggerat:
1244 546 1297 586 unu
1318 541 1399 587 urunt
1418 534 1574 591 memoriam
1594 533 1678 604 prima
1695 533 1782 590 ironte
1797 550 1849 637 ne-

224 630 274 684 rati
288 628 375 684 sttrdia
395 628 471 697 longa
487 627 584 682 silentii
597 643 605 681 a
618 626 665 682 sed
681 630 811 696 interpres
826 627 916 682 mitior
932 636 1010 694 puta·
1062 632 1121 691 gata
1132 622 1259 678 beneficia
1273 640 1279 678 ε
1294 624 1567 695 quisleratiugestarn
1578 625 1663 680 oculis
1673 639 1750 698 aequo
1762 640 1854 683 aurrno

224 721 284 776 bam
296 720 479 788 applicandum
492 720 579 773 timori
593 722 662 788 quod
677 720 875 774 subducebatur
891 718 1008 773 aflectui.
1062 727 1091 767 se
1102 714 1247 782 perdidisse
1258 715 1443 771 dulcedinem?
1455 716 1506 772 Sed
1519 727 1591 771 recte
1603 718 1653 770 ista
1664 717 1697 771 ad
1710 731 1853 786 supernam

224 810 278 865 Deo
293 813 389 880 gratias
408 812 452 878 qui
468 810 500 864 ad
515 826 591 864 nsum
604 811 665 882 styli
682 810 873 865 fraternitatem
893 818 1010 865 uestram
1067 803 1238 862 remittuntur
1253 805 1444 876 providenciam
1459 823 1466 866 :
1483 823 1542 877 quae
1557 808 1673 864 celestis
1689 808 1854 881 dispensatio

225 902 329 956 redusit
342 912 370 955 et
383 902 485 971 gratiae.
503 903 511 933 ¹
531 902 632 956 Diriuis
648 911 736 955 tamen
756 901 858 970 iegibus
871 900 1008 970 cognatio·
1062 897 1181 967 mysterii
1193 896 1652 966 idcircobumaoisdispositiooibus
1665 914 1760 955 manus
1772 915 1855 975 oppo-

222 1005 283 1045 nem
308 992 424 1047 indiculo
444 993 665 1061 comprehensam
688 991 715 1046 in
735 993 905 1046 matrimonio
928 992 1010 1047 licere

222 1084 337 1146 sociari,
353 1085 411 1138 siue
425 1084 591 1138 dubitatione
605 1083 744 1137 araveritis.
766 1083 818 1137 Sed
834 1083 961 1137 contiuuo
975 1082 1009 1136 ad

222 1176 313 1228 urbem
330 1174 440 1228 utrinam
456 1176 576 1228 homiues
586 1188 661 1228 mens
675 1172 771 1242 dirigo,
781 1186 950 1227 exacturusa
964 1189 1009 1228 ae-

222 1266 332 1319 oerabiil
348 1281 413 1335 popa
426 1280 506 1333 caspar
517 1266 567 1320 isac
579 1277 653 1334 parte
667 1278 836 1334 responsum,
848 1274 877 1318 ut
889 1265 1008 1320 anianum

221 1364 338 1410 restrum
352 1356 464 1424 potioris
474 1357 600 1424 praecepti
616 1356 703 1409 firmet
717 1360 871 1409 auctoritas.
886 1355 1007 1421 bomine,

222 1457 352 1515 utsupra,
362 1448 550 1503 salutationem
567 1447 745 1515 plenissimam
759 1449 931 1517 accipientes,
943 1463 1008 1504 san·

221 1549 291 1595 ctum
308 1553 414 1608 quoque
427 1550 454 1593 et
467 1554 636 1594 communem
656 1553 758 1608 patrem
776 1539 866 1609 parilis
881 1542 1009 1595 noveritis

221 1646 280 1688 ease
293 1632 433 1687 sementim
445 1648 452 1686 ι
465 1633 541 1701 cujus
555 1634 587 1687 ad
600 1647 646 1687 ros
662 1648 708 1702 per
723 1633 858 1688 bortrinem
873 1650 972 1695 incurat.
984 1633 1008 1688 si

221 1725 327 1780 divinos
338 1725 412 1780 lavor
421 1729 556 1794 annuerit,
566 1742 627 1783 cum
638 1727 710 1783 sedis
721 1727 874 1798 apostolica·
887 1729 1007 1799 apicibus

220 1813 228 1870 l
241 1819 322 1872 iteras
336 1817 487 1871 destinabo.

483 1916 647 1973 suissuis
668 1918 750 1974 xxv.

497 2024 624 2066 ausonius
644 2027 732 2068 antro.

253 2099 336 2168 Qunam
352 2114 422 2172 saepe
441 2099 527 2155 aliena
544 2109 653 2170 peccata
668 2114 717 2155 uos
730 2101 881 2172 ingravant,
898 2103 1008 2173 siquod

219 2204 234 2244 a
250 2191 325 2246 nobis
340 2206 392 2245 non
408 2191 509 2255 oritur,
523 2191 690 2261 jurennstrn
709 2192 853 2261 imputatur
866 2195 1005 2249 excessui!

219 2281 260 2336 lix
280 2298 322 2335 ore
339 2281 420 2336 didici
442 2282 521 2337 iidem
543 2294 664 2338 veterum
681 2298 733 2337 non
754 2284 860 2353 perire,
879 2285 942 2339 dum
961 2300 1008 2354 per

1062 986 1112 1048 uit,
1120 994 1148 1039 ut
1158 997 1278 1041 sotorum
1292 998 1400 1056 praestet
1410 988 1545 1044 eiiectum.
1555 988 1669 1044 Sanctus
1680 1001 1755 1055 pater
1765 992 1855 1046 vesier

1061 1075 1175 1132 libenter
1197 1092 1227 1132 se
1250 1082 1398 1149 pariturum
1419 1080 1532 1151 jussioni
1553 1081 1743 1150 magnitudinis
1757 1094 1855 1139 vestrae

1062 1166 1149 1224 iuerat
1163 1169 1266 1227 denica
1277 1173 1419 1228 occasione
1431 1172 1565 1241 pollicitus
1581 1190 1588 1225 :
1602 1171 1649 1234 sed
1663 1175 1780 1230 animum
1795 1175 1854 1245 ejus

1062 1260 1088 1314 iu
1099 1260 1234 1317 diversam
1252 1273 1354 1332 partem
1371 1279 1419 1333 prn
1434 1265 1558 1331 utilitate,
1571 1274 1698 1336 quantum
1712 1265 1787 1332 dicit,
1804 1267 1854 1321 Ec·

1061 1351 1150 1409 clesiae
1164 1354 1379 1424 supervenientia
1392 1369 1505 1423 rapuere
1520 1358 1647 1425 consilia,
1667 1356 1735 1413 sicut
1750 1357 1853 1429 prelati

1061 1442 1154 1511 pagina
1168 1443 1200 1497 ad
1217 1459 1265 1500 ans
1278 1438 1379 1501 directa
1393 1447 1548 1503 declaravit.
1574 1448 1747 1506 Prasstolotut
1762 1457 1853 1508 tameo

1063 1547 1145 1603 super
1155 1536 1261 1604 negotio
1271 1536 1411 1612 designato
1425 1540 1614 1610 magnitudinis
1627 1551 1723 1597 vestra
1735 1542 1852 1599 secunda

1061 1625 1194 1696 colloquia
1212 1645 1220 1684 t
1235 1644 1288 1698 quo
1310 1630 1477 1686 manifestius
1499 1633 1525 1687 in
1553 1631 1641 1690 iratris
1662 1636 1740 1691 serui
1763 1634 1852 1692 Fausti

1061 1718 1163 1787 patricii
1180 1721 1293 1776 utilitate
1307 1737 1351 1777 me
1365 1737 1425 1778 esse
1439 1727 1619 1783 necessarium
1632 1737 1766 1788 reseretur
1781 1747 1786 1782 :
1803 1744 1852 1784 cu·

1023 1808 1103 1881 Bias
1115 1811 1208 1878 gratiae
1223 1812 1288 1868 nibil
1302 1813 1353 1868 sibi
1367 1815 1481 1869 estimat
1496 1817 1608 1872 liberunt
1625 1819 1763 1892 derogare.
1776 1821 1852 1887 Quod

1064 1908 1167 1966 resur,
1187 1903 1307 1972 obsequii
1322 1906 1374 1962 mei
1389 1906 1538 1963 humilitate
1552 1918 1675 1981 suscepta
1696 1927 1806 1982 precor,
1823 1923 1852 1973 ut

1059 1989 1151 2056 opifex
1164 1991 1208 2058 qui
1223 1992 1332 2048 culmini
1344 1999 1353 2016 ·
1367 2007 1462 2051 vestroe
1477 2001 1614 2067 parvitatis
1628 2017 1693 2057 aucae
1707 2018 1797 2059 curam
1809 2015 1851 2062 est

1059 2079 1184 2152 dignatus
1198 2083 1355 2152 infundere,
1371 2087 1429 2158 ipse
1444 2104 1491 2158 per
1506 2106 1552 2146 ros
1569 2095 1702 2162 sequendo
1715 2096 1850 2167 disponat.

1305 2178 1470 2237 esistunt
1491 2183 1598 2242 xxiii.

1314 2287 1442 2330 ENNOMUS
1461 2291 1601 2334 EGGENETI.

221 2373 325 2444 nogotia
337 2375 441 2429 novella
453 2389 517 2428 rana
530 2382 668 2443 puetarum
680 2385 820 2445 reparatur
829 2379 1006 2431 annuntiatio.
1096 2357 1181 2428 Supra
1196 2360 1305 2464 modum
1318 2380 1360 2419 ¹¹¹2
1372 2367 1515 2423 ⁸⁰³¹i⁰i¹³¹¹¹
1532 2373 1664 2438 procurati
1676 2373 1762 2433 studia
1777 2375 1851 2433 inde·

219 2463 258 2521 ΗΘ
273 2481 315 2520 me
329 2465 427 2521 dictum
447 2467 567 2532 mimo,
589 2465 689 2521 Decipi,
704 2468 796 2537 qumi,
810 2469 893 2523 afim
906 2470 1009 2524 ,upum
1060 2446 1129 2505 icssa
1146 2453 1243 2507 sileotu
1262 2471 1268 2506 ε
1284 2464 1310 2510 et
1322 2455 1383 2511 iicet
1401 2460 1504 2516 anianus
1519 2461 1544 2514 in
1559 2463 1673 2519 statione
1687 2467 1721 2522 sit
1736 2469 1847 2538 positus,

220 2555 339 2628 (mm.
352 2559 391 2626 x).
407 2557 495 2627 Super
506 2559 695 2627 “specum
709 2559 845 2614 memoria,
856 2559 905 2615 „iri
916 2559 1008 2615 Sabim
1059 2541 1201 2595 contristat
1213 2546 1346 2600 sermonis
1359 2547 1529 2616 abstinentia,
1540 2567 1599 2622 quac
1610 2555 1676 2609 viris
1690 2558 1849 2626 imaginibus

219 2647 230 2678 ¹
247 2648 302 2701 lilio
317 2648 457 2702 exhibetur
476 2650 587 2719 praelata
608 2651 777 2706 concionatio
794 2668 800 2704 ι
817 2651 862 2720 qui
879 2651 1008 2707 hactenus
1059 2642 1191 2733 ΜΨ
1208 2636 1325 2711 9⁰⁰1¹⁰f⁵⁸
1335 2638 1398 2741 ,0‘55
1418 2641 1494 2694 ⁰¹³Vfl
1510 2644 1669 2700 ”lalisffllib
1687 2646 1776 2703 Patior
1790 2651 1848 2721 qui-

218 2738 382 2807 acgritudiuis
394 2748 481 2793 tentus
492 2739 646 2808 obstaculis,
659 2741 717 2796 sine
727 2741 791 2797 vitia
802 2757 852 2798 sue
863 2744 1008 2799 constituta
1059 2718 1119 2822 ‘⁵¹⁰⁰'
1135 2725 1425 2828 ¹⁰¹10fd¹¹¹¹l⁰³f¹¹³¹0¹¹¹
1448 2734 1498 2789 ⁸¹¹¹)
1522 2737 1674 2806 Piiillflfflffl
1696 2743 1848 2813 immulsi-

219 2830 335 2883 riolarit.
358 2830 472 2897 Fateor,
490 2846 558 2900 pcue
577 2833 695 2887 animum
714 2849 803 2890 meum
818 2849 893 2888 reum
906 2834 1009 2889 iecerat
1059 2817 1132 2914 ΠΨ
1155 2813 1275 2920 ⁸¹ffl⁰¹²l¹
1291 2835 1298 2870 ³
1316 2834 1450 2923 'lindiam
1475 2833 1563 2881 limen
1584 2828 1665 2883 &0⁶⁰
1688 2830 1728 2887 his
1751 2834 1848 2891 militiis

220 2918 410 2990 magnitudinis
421 2931 516 2976 restra
528 2922 604 2977 diaes
618 2923 742 2988 assertio,
754 2936 781 2980 et
794 2924 935 2981 credebam
951 2925 1008 2979 eui·
1058 2900 1191 2961 “mm
1225 2922 1269 3012 ‘ill'
1308 2908 1430 2982 dilium·
1463 2914 1572 2972 Rflffflll
1601 2919 1669 2977 torre
1694 2924 1846 2994 magnitudo

219 3026 278 3081 pam
293 3027 353 3069 esse
368 3016 521 3084 propriam·
536 3031 614 3084 quam
633 3019 797 3073 conscientia
812 3034 864 3074 non
881 3021 1003 3076 habeba,
1059 3004 1153 3057 vestra
1175 2998 1287 3068 publicae
1313 3008 1496 3076 occupationis
1519 3026 1609 3067 curam
1632 3014 1721 3071 locum
1742 3017 1848 3087 scriptis

219 3103 297 3170 Ecce,
311 3115 339 3161 u,
351 3106 463 3176 pdmum
476 3108 501 3161 5„
514 3108 609 3164 bonam
621 3110 799 3164 „qumquem
814 3109 940 3166 ,eductus
952 3119 1004 3179 est,
1057 3089 1231 3149 lamiiioribus
1245 3113 1298 3153 non
1313 3099 1430 3157 dedisse.
1447 3102 1499 3159 Sed
1515 3106 1583 3162 idern
1602 3116 1686 3163 statos
1701 3122 1769 3176 erat,
1784 3127 1844 3168 cum

119 3197 127 3213 =
217 3193 396 3250 gedqoqanum
415 3212 475 3251 cum
494 3213 597 3253 summ,
622 3202 809 3268 „rompono
832 3205 1003 3258 commeavi„
1017 3193 1043 3259 c
1056 3188 1226 3255 praecedente
1236 3201 1354 3263 tempore
1364 3196 1496 3268 colloquia
1507 3202 1612 3259 eulmen
1623 3214 1739 3260 restrum
1751 3206 1844 3263 crebra

216 3284 320 3340 Caetera
335 3285 404 3356 apud
419 3300 467 3341 ans
487 3287 633 3358 alleganda
649 3303 710 3346 esse
732 3308 784 3346 non
807 3293 908 3348 credidi
923 3298 1004 3364 :quia

218 3374 263 3443 qui
278 3375 450 3430 commendat
473 3380 575 3446 magnis
594 3379 658 3433 viris
673 3380 822 3450 iustitiam,
842 3385 1004 3442 obliuionem

216 3464 322 3521 videtur
336 3467 467 3536 equitatis
482 3482 628 3537 opponere.
650 3472 761 3527 baiariae
775 3476 823 3539 mi,
838 3475 1005 3532 salutationis

215 3555 377 3625 plenissimae
389 3573 484 3612 marone
494 3560 608 3615 exiribeo
620 3578 627 3614 a
639 3569 667 3616 et
679 3565 749 3631 quod
760 3578 892 3635 superest,
915 3583 1005 3637 quaese

216 3653 245 3698 ut
258 3655 343 3700 status
357 3648 427 3702 circa
440 3664 482 3703 me
496 3651 589 3719 gratiae
604 3661 707 3720 restrae,
722 3657 842 3724 quamuis
858 3658 892 3712 sit
907 3659 1005 3727 plenis·

215 3724 315 3804 simus,
331 3737 418 3793 adbuc
432 3747 521 3794 tarrren
535 3742 656 3810 recipere
672 3754 782 3814 cogatur
796 3759 948 3818 augmenta.

468 3852 634 3910 suissuia
654 3855 748 3913 xxvi.

421 3960 425 3971 ¹
476 3961 603 4015 anqoorns
623 3965 744 4006 sosoma.

250 4029 386 4089 Resistunt
398 4048 505 4107 peccata
514 4040 665 4110 desideriis,
674 4053 701 4099 et
710 4053 738 4099 ut
750 4050 904 4107 meritorum
914 4061 999 4110 statua

214 4119 428 4199 delinquentibus
455 4134 622 4202 innotescat,
642 4153 656 4189 n
680 4137 810 4196 labiorum
831 4147 999 4213 proximitate

1060 3280 1201 3345 prestabat
1223 3300 1230 3336 ι
1251 3285 1324 3340 nee⁸
1340 3288 1432 3345 aulicis
1455 3290 1596 3358 deputatus
1618 3296 1653 3350 ita
1677 3299 1846 3365 premebatur

1059 3369 1189 3436 excubiis,
1202 3381 1229 3427 ut
1241 3376 1365 3442 promissi
1376 3381 1475 3434 amoris
1489 3384 1643 3440 meritoriam
1656 3401 1708 3443 nno
1724 3389 1843 3448 liaberet.

1060 3451 1124 3525 Quis
1138 3459 1204 3516 lauis
1219 3463 1321 3530 toxica,
1338 3469 1396 3532 rqrris
1412 3484 1517 3525 coenrou
1535 3474 1651 3532 lontibus
1665 3478 1844 3538 clandestinus

1059 3562 1210 3620 sussurrator
1225 3554 1384 3613 admiscuit?
1405 3571 1450 3615 aut
1469 3563 1537 3622 iorte
1550 3568 1620 3636 quod
1636 3568 1719 3626 linerat
1733 3573 1766 3627 de
1779 3573 1845 3630 alle·

1059 3642 1146 3698 ctione
1176 3646 1333 3719 subreptum
1355 3653 1532 3724 adjudicium
1552 3661 1703 3719 retulistisi
1722 3665 1775 3722 Sed
1793 3682 1843 3738 ege

1058 3745 1189 3798 accurare
1203 3752 1249 3792 aas
1265 3741 1420 3810 paginarum
1435 3751 1644 3819 promulgatione
1658 3770 1710 3810 non
1726 3756 1820 3814 diii'ern
1836 3775 1842 3813 :

1057 3832 1084 3878 ut
1097 3824 1130 3880 ad
1146 3842 1221 3883 usum
1239 3844 1372 3901 veterem,
1387 3841 1554 3898 cessantibus
1567 3847 1704 3914 promissae
1716 3850 1844 3921 dignatio-

1056 3915 1099 3971 nis
1122 3919 1315 3990 stimnlis,rel
1337 3931 1499 3998 garrulitatis
1523 3951 1588 3994 ureae
1613 3945 1747 4011 provocati
1770 3945 1843 4016 lruge

1055 4006 1179 4065 redeatis.
1200 4012 1311 4071 Duroiue
1331 4022 1381 4085 mi,
1404 4024 1570 4083 salutationis
1588 4031 1742 4104 obsequium
1762 4039 1842 4112 plena

1053 4098 1201 4161 bumilitate
1212 4110 1376 4178 persolvens,
1387 4116 1474 4175 iudico
1485 4137 1526 4175 ure
1539 4127 1634 4181 restris
1646 4129 1770 4199 cupidum
1781 4149 1841 4189 esse

213 4218 300 4287 cunita
323 4219 525 4280 subtrabuntur.
555 4226 651 4282 llcrius
670 4231 789 4302 affligunt
808 4238 916 4308 oblati,
936 4256 996 4296 eum
1051 4198 1201 4261 mmm
1212 4206 1381 4272 mmmm
1393 4208 1414 4262 εἰ
1428 4218 1515 4269 ‘amen
1526 4213 1688 4292 summu·
1700 4225 1840 4292 ”efie¹¹⁵¹⁸

232 4366 256 4446 ‘¹
277 4365 377 4450 ilicinis
391 4379 473 4426 tamen
489 4374 600 4451 iegibus]
619 4382 728 4453 (ligasti
743 4394 849 4454 generis
861 4397 997 4453 nratrimo·

212 4449 255 4489 nta
264 4438 394 4494 etdrrroaa
404 4442 477 4512 leges
490 4461 664 4506 coercueruot
677 4467 703 4508 ct
717 4457 849 4526 isrrrrrame,
866 4473 920 4520 tum
932 4470 997 4524 eiri-

213 4504 252 4563 lcs
267 4514 320 4562 ιιιιιι
336 4523 482 4570 carrcnrcae.
507 4521 545 4571 Ac
566 4524 648 4576 sacris
670 4527 775 4592 quidem
800 4531 906 4590 Litteris
925 4541 995 4608 apud

212 4570 337 4632 llcbncns
349 4581 383 4634 do
400 4584 489 4648 paucis
502 4591 586 4655 ioque
604 4599 730 4658 proximis
746 4614 851 4654 cautum
865 4604 911 4658 iuit
929 4625 996 4665 :nec

211 4643 314 4726 longius
329 4650 384 4731 lere
400 4657 528 4720 processit
547 4659 727 4730 interdictum,
744 4683 821 4736 quant
839 4687 871 4727 ue
886 4678 928 4730 cui
943 4680 997 4735 ira·

212 4723 259 4795 trra
280 4733 413 4800 sororrsre
431 4724 672 4795 liliacopularetur.
689 4741 709 4760 ¹·
727 4738 903 4806 irrrpetatores
917 4747 994 4806 Cirri-

210 4790 289 4865 stram
304 4798 389 4845 ‚ettam
405 4798 579 4856 corisobrutas
594 4803 664 4876 jarrrgi
682 4818 842 4876 vetueruot,
862 4827 888 4869 ut
908 4819 993 4876 'liaeo

210 4852 316 4935 dossas,
331 4865 444 4942 tantuna,
460 4873 488 4918 ut
502 4872 564 4922 sex.
584 4871 696 4931 Victoris
710 4882 796 4933 verbis
811 4891 884 4951 utar,
901 4893 993 4956 parciori

210 4923 321 5004 urbatus
336 4938 357 4979 ct
373 4938 549 5001 continentie,
572 4953 599 4995 nt
616 4951 823 5003 consobrinarum
838 4960 939 5022 nuptias
953 4979 994 5017 ce·

209 4999 283 5074 iuerat
299 5004 420 5079 tauquam
433 5019 558 5063 tororum.
583 5015 669 5078 ornare
690 5022 748 5074 siue
768 5022 895 5092 principis
917 5035 993 5092 venia

209 5062 270 5119 duci
285 5080 336 5120 nuu
351 5071 447 5151 larebat
462 5080 554 5147 :quand
569 5086 686 5144 declarat
702 5091 852 5149 cassiodori
869 5094 993 5160 Formuiu

208 5147 259 5201 qua
278 5139 427 5194 corrsnbrtou
438 5145 548 5216 legitimo
565 5155 611 5223 fiat
625 5176 700 5213 uxor.
718 5162 911 5223 Ecclesiasticus
930 5188 992 5230 vero

209 5203 295 5284 leges,
309 5223 369 5275 qua
386 5210 501 5272 incestas
515 5223 593 5277 laodic
607 5230 711 5297 rarrptias
724 5245 817 5301 quarm
829 5239 912 5304 gradu
926 5243 992 5301 deii·

208 5289 300 5344 nmnt,
313 5280 346 5335 ad
360 5295 600 5371 septrrunmuusque
613 5300 723 5367 gradum
740 5305 882 5374 aliquamlo
897 5330 991 5379 quote·

143 5414 157 5427 ἢ
207 5354 257 5428 etus
269 5357 340 5430 sttui.
353 5351 388 5407 At
399 5355 510 5413 brinudu
525 5367 622 5420 saeculo
635 5386 692 5424 raros
704 5376 790 5430 adbuc
802 5380 988 5450 iruluigentior.

207 5415 257 5483 Qus
270 5434 340 5477 curru
355 5424 389 5481 de
400 5443 432 5485 ea
444 5445 474 5485 rc
486 5445 604 5495 canones
613 5453 699 5510 comt,
714 5445 783 5503 iutra
796 5449 892 5508 uetitas
906 5463 990 5518 saeris

1012 4300 1110 4366 unae
1119 4289 1195 4349 robis
1208 4295 1282 4349 cordi
1296 4310 1355 4354 csse
1368 4316 1419 4357 oon
1433 4303 1536 4370 dubito.
1551 4310 1716 4369 rescribatis.
1763 4369 1765 4372 ,

1049 4423 1157 4480 Litteris
1171 4442 1202 4482 ac
1222 4431 1369 4501 principum
1392 4437 1613 4509 iegibusgradus
1633 4444 1689 4501 iere
1706 4450 1839 4506 consiste·

1049 4493 1130 4558 baut,
1148 4505 1176 4551 ui
1195 4505 1314 4569 synodus
1335 4505 1495 4564 scariones
1514 4513 1609 4577 eutii,
1632 4517 1798 4584 Epaunrnsis
1812 4539 1837 4579 e.

1048 4563 1094 4631 50,
1110 4567 1309 4651 Aurelianense
1325 4590 1351 4628 ru
1363 4616 1370 4641 ,
1384 4592 1409 4631 c.
1426 4579 1468 4632 tu.
1493 4581 1556 4637 Sirc
1571 4602 1634 4653 ergo
1647 4589 1750 4643 divinos
1767 4592 1839 4650 teies

1048 4631 1100 4715 lanc
1111 4635 1169 4690 loco
1181 4650 1358 4706 interpretere
1370 4662 1427 4713 quac
1438 4653 1521 4704 sacris
1537 4653 1645 4710 Littera
1656 4660 1837 4729 contineatur,

1048 4717 1108 4791 stre'
1119 4720 1209 4762 sacros
1224 4715 1387 4770 caorruesita
1403 4729 1487 4784 vrrcct,
1500 4736 1552 4789 quo
1567 4728 1646 4779 ruodo
1656 4727 1741 4785 urcei
1757 4736 1840 4796 tricae

1048 4796 1171 4841 massar,
1193 4791 1220 4835 et
1238 4782 1342 4839 divinas
1357 4789 1463 4852 rogatas
1483 4797 1582 4860 passim
1600 4796 1704 4865 Latini;
1728 4817 1838 4870 parsum

1047 4857 1104 4903 erat
1120 4848 1165 4903 illo
1178 4857 1230 4905 tem
1251 4868 1298 4910 ure
1312 4855 1465 4916 discrimen.

1083 4917 1093 4946 ¹
1113 4916 1204 5000 Sabini
1214 4867 1278 4996 fiiis]
1294 4923 1345 4981 Pro
1359 4932 1451 4985 eodem
1467 4935 1560 4991 scribit
1572 4937 1652 4994 etiam
1667 4941 1745 5013 epist.
1765 4941 1798 5005 15
1812 4955 1838 5000 ct

1047 4985 1080 5040 ll
1096 4985 1155 5042 iiber
1169 4997 1305 5059 sequentis
1319 4998 1352 5050 ad
1367 5000 1473 5056 linitum
1487 5007 1622 5065 enrrrdem.

1080 5073 1092 5106 ⁸
1111 5077 1213 5161 deiicis·
1225 5084 1345 5157 eet-cutis]
1370 5088 1516 5154 Quam-turae
1536 5097 1658 5163 osianna
1676 5118 1727 5171 qua
1743 5100 1837 5173 irrogo·

1047 5145 1132 5213 batur,
1147 5159 1175 5203 ut
1188 5151 1288 5207 dictum
1303 5162 1391 5213 estad
1409 5163 1487 5230 epist.
1502 5165 1537 5221 is
1555 5168 1602 5225 lib.
1621 5185 1657 5225 ru.

1045 5237 1223 5380 ἀπἓχίιιιιιιιίιι·
1238 5246 1335 5320 cestre]
1355 5251 1444 5308 llaiitu
1458 5258 1599 5326 equidem,
1619 5277 1641 5317 c.
1661 5275 1753 5320 cestro,
1781 5267 1833 5321 seq

1118 5333 1148 5365 ω·

1077 5423 1096 5443 “
1109 5423 1151 5475 Est
1161 5427 1186 5477 in
1195 5431 1315 5492 opusculis
1325 5435 1456 5502 sirmondi,
1469 5453 1498 5492 ea
1509 5442 1540 5494 de
1554 5457 1581 5494 ra
1595 5454 1694 5508 ιιιιιιιιο
1704 5446 1803 5512 triplex.
