3906 6180
151 312 218 371 nn
815 304 1005 366 bennatus
1024 306 1128 364 uon.
1150 324 1154 332 ·
1180 324 1226 370 ·.
1719 291 1834 393 sure⁸

151 442 166 472 ¹
181 425 357 502 perdisceret.
373 422 440 481 Corn
451 425 555 483 interea
566 422 784 493 divinoquodam
795 429 868 477 motu
878 434 945 490 prar-
958 420 987 482 Α
1001 428 1052 487 est,
1067 420 1101 475 ad
1115 434 1146 476 ss
1159 418 1274 479 invicem
1290 418 1504 488 reaqsiocsarsa
1516 419 1717 492 proportionem
1731 436 1790 492 per·

151 523 253 581 seriens
275 522 412 577 labrorum
430 518 564 588 olllcinas,
580 516 673 588 pulsos
686 513 822 572 matteost
837 512 946 570 exaudi·
1000 514 1076 583 pensi
1097 521 1161 568 snut
1172 511 1319 569 custodire.
1335 512 1450 581 Quintus
1464 527 1530 570 sero
1546 522 1588 570 est
1606 515 1733 584 remmus,
1745 514 1792 585 qni

151 616 201 680 rit,
216 630 249 670 ex
264 611 380 668 dirersis
401 612 475 666 sonis
490 625 569 665 unam
589 607 788 679 quodammodo
801 605 946 663 ootrcinen-
998 605 1102 661 cunctis
1121 613 1181 660 erat
1195 604 1386 663 inconsonans.
1402 604 1470 660 Cum
1482 603 1562 685 igitur
1577 613 1640 660 ante
1660 603 1793 676 l'ptbago·

152 707 214 760 tiam
232 718 388 775 personare.
406 701 442 757 lta
466 701 547 772 igitur
561 699 595 755 ad
608 698 635 754 id
649 699 780 770 qnoddiu
794 697 948 769 inquirebat
1000 711 1057 752 ram
1072 696 1256 752 consonantia
1271 697 1396 764 musica.
1409 696 1506 768 partlm
1526 696 1676 766 diapason,
1694 694 1792 766 partita

152 800 292 863 attonitus,
304 796 417 853 accessit
431 794 463 851 ad
477 809 545 865 opus
561 795 681 866 :dinque
691 793 883 857 considerans,
904 807 948 848 ar·
1001 785 1137 857 diapente,
1152 788 1249 858 pertint
1277 787 1463 854 diatessaron,
1480 778 1549 859 quae'
1559 798 1602 845 est
1615 787 1791 843 consonantis

152 886 267 944 bitratns
283 900 324 945 est
340 888 524 944 diversitatum
545 901 674 942 sonorum
690 886 853 943 uenientium
876 882 947 940 vires
1000 875 1128 944 minimi,
1145 887 1322 945 thtttlttti
1342 878 1445 947 utimur
1465 878 1630 951 Ppttrspcrss
1648 877 1698 934 boc
1712 879 1795 936 modo

152 978 269 1034 elucere.
287 981 372 1048 tltqne
386 987 414 1032 ut
426 979 451 1034 id
463 978 582 1046 apertius
595 978 772 1049 colliqueret,
787 989 798 1016 ⁰
812 983 948 1033 mutarent
1000 971 1111 1040 reperit.
1122 984 1174 1040 uuo
1185 972 1357 1041 proportione
1367 972 1477 1028 sibimet
1486 973 1544 1026 brec
1554 986 1682 1028 sonorum
1693 971 1793 1028 cltorda

153 1068 222 1123 inter
237 1085 266 1124 ss
281 1070 392 1124 matteas
410 1069 561 1139 impensis,
581 1069 635 1126 Μ
648 1084 776 1126 sonorum
799 1067 948 1138 propriam
997 1056 1164 1129 jungeretur.
1182 1060 1216 1116 Et
1228 1070 1257 1116 ut
1279 1062 1315 1118 sit
1335 1061 1435 1119 elarius
1449 1061 1520 1133 quod
1534 1062 1635 1119 dictum
1646 1070 1707 1137 pest„
1723 1062 1794 1132 siut,

152 1171 206 1212 tion
222 1161 249 1211 in
259 1159 398 1213 bominum
419 1159 527 1214 lacertis
541 1159 671 1228 iacebat,
690 1159 737 1215 sed
752 1167 867 1214 inritatos
879 1156 948 1214 mal·
1000 1154 1077 1210 verbi
1092 1156 1195 1225 gratia,
1209 1156 1369 1212 malleorum
1384 1165 1499 1226 quatuor
1513 1155 1717 1226 pesdemonte
1731 1153 1795 1211 sub·

152 1250 212 1305 leos
237 1254 427 1307 comitabatur.
453 1253 501 1309 libi
517 1253 597 1325 igitnr
611 1254 639 1310 id
659 1252 864 1318 animadvertis,
881 1250 949 1306 mal·
1001 1248 1153 1318 terseripris
1179 1251 1300 1305 numeris
1327 1251 1530 1318 contineantur,
1546 1248 1640 1318 rme,
1656 1248 1689 1317 8,
1708 1249 1736 1306 b.
1763 1247 1796 1306 iit

152 1343 254 1397 leorurn
277 1345 381 1411 pondus
405 1346 550 1400 examinat.
572 1344 606 1400 lit
628 1359 688 1401 cum
717 1344 834 1416 quinque
857 1350 957 1398 essens
1001 1339 1198 1411 igiturpatet,
1211 1340 1257 1414 qui
1270 1339 1305 1397 ts
1318 1341 1376 1398 eto
1389 1341 1552 1412 ponderibus
1567 1339 1721 1411 vergebant,
1736 1341 1795 1396 dia·

152 1435 221 1488 torte
235 1434 335 1501 mallei,
348 1432 423 1504 dupli
438 1435 539 1504 reperti
564 1442 627 1493 sunt
648 1434 767 1504 pondere
779 1433 826 1502 qul
840 1432 891 1488 sibi
904 1446 949 1488 se·
1001 1443 1086 1496 paron
1100 1432 1128 1486 in
1142 1431 1225 1502 duplo
1240 1431 1252 1470 ό
1267 1432 1467 1489 concinentiam
1481 1432 1672 1503 persosrabant.
1687 1430 1797 1489 ttatteus

153 1526 270 1582 currdnm
281 1526 409 1597 diapason
424 1529 628 1585 consonantiam
640 1528 849 1600 respondebant.
865 1525 948 1582 Enna·
1002 1536 1067 1577 vero
1078 1524 1111 1578 tu
1124 1523 1274 1595 ponderum
1285 1525 1319 1580 ad
1330 1527 1457 1581 matteum
1466 1524 1495 1593 u,
1509 1523 1683 1580 etmallensil
1695 1523 1797 1596 ponde·

154 1619 213 1673 dem
229 1620 310 1675 etism
326 1620 372 1690 qni
387 1619 483 1690 duplus
497 1630 571 1678 esset
581 1621 645 1688 atio,
666 1619 867 1690 sesquitertium
881 1618 949 1673 alte·
1002 1631 1062 1672 runt
1077 1616 1110 1672 ad
1125 1617 1251 1674 malleum
1273 1619 1290 1674 o
1306 1618 1472 1689 mederum,
1487 1616 1635 1675 secundum
1660 1609 1796 1688 'epitritam

154 1710 437 1780 rinsconrprebendit,
454 1711 486 1767 ad
501 1728 581 1782 quem
596 1712 703 1769 scilicet
724 1712 892 1767 diatessaron
905 1722 949 1764 so·
1005 1711 1207 1780 proportionem
1232 1710 1400 1768 diatessaron
1424 1710 1599 1768 corrsonantia
1621 1708 1796 1780 jungebatur.

153 1801 246 1855 nabat.
260 1798 301 1855 tld
315 1800 397 1855 alium
411 1815 476 1857 vero
489 1803 646 1873 quemdam,
662 1802 708 1874 qui
721 1802 808 1857 eidem
823 1801 951 1870 diapente
965 1801 992 1867 Β
1004 1801 1106 1858 liorem
1122 1818 1188 1858 vero
1201 1802 1351 1875 ponderum
1362 1804 1396 1860 ad
1409 1803 1513 1869 nette
1526 1804 1560 1860 ad
1571 1801 1796 1873 8diapentecun·

153 1895 326 1949 consonantia
339 1893 512 1965 pungebatur,
536 1896 662 1952 eumdem
676 1894 825 1965 superioris
838 1893 949 1962 duplum
1005 1893 1156 1950 sonantiam
1166 1895 1377 1964 permiscebant.
1389 1895 1561 1949 Novemvero
1571 1891 1605 1948 ad
1616 1892 1643 1960 8,
1656 1892 1683 1947 in
1694 1889 1796 1961 sesqui

152 1986 318 2054 reperitcsse
328 1986 549 2056 sesquialterum.
562 1987 694 2044 lluorero
706 1985 785 2053 lri‚ad
794 1999 865 2056 quos
874 1997 952 2052 supo-
971 1987 974 1994 '
1005 1998 1099 2044 octava
1113 1989 1287 2057 proportione
1301 1975 1465 2045 resonabant
1478 1998 1581 2044 tonum.

155 2075 208 2130 tior
220 2074 318 2144 duplex
334 2077 520 2146 sesquitertius
529 2086 557 2133 ei
567 2077 735 2146 sesquialter
748 2091 810 2131 esse
823 2073 952 2146 probatus
1022 2078 1087 2134 tine
1101 2079 1192 2134 altimo
1204 2079 1290 2151 ῥριινιι
1303 2091 1326 2133 et
1339 2073 1366 2133 ist
1380 2094 1501 2147 supremo
1512 2080 1582 2134 ccicc
1597 2075 1780 2132 troimetirrr.

248 2207 279 2256 12
375 2210 557 2273 sesquitertius
574 2213 726 2262 diatessaron
832 2207 848 2257 9

469 3462 488 3515 C
515 3460 536 3514 P
562 3460 583 3514 Τ
641 3503 647 3515 .

164 3550 262 3619 Quibus
279 3552 363 3606 modis
381 3552 451 3620 carie
464 3459 647 3623 sipiispsxr's
666 3557 847 3625 proportiones
866 3573 957 3614 conso-

374 3644 522 3699 nantiarum
535 3659 667 3714 perpenses
680 3645 743 3701 nst.
836 3635 843 3651 ’

1011 3477 1134 3547 ligamus.
1150 3473 1244 3530 Omnis
1264 3472 1337 3529 essina
1350 3486 1400 3528 vox
1414 3482 1461 3528 aut
1470 3479 1586 3544 συνεχής
1598 3482 1640 3528 est
1650 3512 1657 3537 ‚
1668 3485 1728 3542 quse
1744 3484 1807 3561 con*

1009 3566 1096 3633 tinus,
1112 3565 1159 3621 aul
1171 3563 1361 3634 dmrrnpsrrsd
1372 3605 1381 3630 .
1394 3579 1456 3634 qum
1466 3563 1566 3643 dicitur
1585 3578 1648 3620 cnm
1665 3563 1804 3622 tommano

1010 3672 1152 3729 suspensa.
1180 3657 1215 3712 Et
1228 3655 1356 3711 continua
1379 3654 1571 3728 quidenniest,
1586 3656 1649 3725 qnia
1664 3655 1803 3726 loquentes
1871 3660 1878 3675 '

199 3734 268 3789 linc
280 3735 361 3803 igitur
375 3733 484 3789 domum
504 3749 647 3802 reversus,
664 3736 737 3793 raris
759 3738 959 3796 examinatione

164 3825 389 3896 porpendissem
411 3825 454 3882 his
468 3827 687 3897 proportionibus
702 3829 771 3885 ratio
782 3831 959 3902 symphonia·

164 3931 222 3971 rurs
239 3923 292 3971 tota
307 3917 479 3974 consisteret.
496 3917 597 3975 suune
616 3919 723 3990 quidem
741 3936 817 3993 sequa
839 3922 959 3993 pondera

165 4006 254 4091 nervis
270 4015 375 4076 aptans,
397 4022 546 4080 eurumque
559 4011 749 4068 corisonantias
772 4024 839 4068 aure
857 4013 958 4085 dijudi-

164 4109 243 4164 cans;
259 4111 330 4153 nunc
344 4108 407 4155 roro
421 4098 448 4156 in
462 4099 629 4173 lungitudine
642 4102 807 4159 calamorum
818 4103 959 4174 duplicita-

164 4197 218 4244 tem
234 4189 459 4260 medietatemque
478 4194 633 4260 restitucns,
658 4203 824 4265 cateraeque
844 4209 958 4267 propor-

163 4280 574 4352 tioncsaptans,integerrimam
585 4283 956 4358 idemdirerssexperisntia

164 4373 297 4442 capiebat.
312 4374 390 4441 sape
409 4370 419 4410 l
435 4385 461 4429 et
475 4388 524 4444 pro
539 4389 725 4432 mensurarum
747 4379 828 4434 modo
847 4381 958 4451 cyathos

1010 3751 1052 3806 vel
1075 3750 1161 3823 ipsam
1189 3748 1339 3806 orationem
1364 3748 1483 3818 legentes
1510 3749 1591 3806 rerba
1615 3751 1804 3819 percurrimus.

1012 3838 1133 3896 Festinat
1147 3840 1219 3897 enim
1245 3851 1308 3896 tunc
1329 3855 1381 3897 rox
1409 3855 1462 3896 non
1485 3840 1618 3896 inhaerere
1632 3838 1660 3896 in
1675 3840 1761 3898 acutis
1777 3849 1804 3900 et
1851 3913 1854 3916 ⁴

1011 3932 1138 4002 gravibus
1151 3931 1236 3997 soriis,
1249 3933 1296 3988 sed
1310 3945 1390 4002 quam
1410 3930 1582 3987 velocissime
1598 3931 1677 3986 rerba
1694 3946 1804 4002 percur-
1857 3954 1863 3961 ·

1011 4039 1083 4089 rere,
1100 4023 1328 4094 expediendisque
1347 4021 1481 4088 sensibus,
1500 4021 1735 4094 exprimendisque
1748 4037 1805 4080 scr·

1011 4116 1138 4172 monibus
1151 4116 1286 4172 continnae
1309 4114 1383 4172 vocis
1398 4113 1514 4185 impetus
1528 4124 1685 4186 operantur.
1700 4113 1804 4170 lliaste-

1011 4209 1110 4264 matice
1123 4216 1212 4263 autem
1229 4217 1271 4262 est
1283 4221 1314 4262 ea
1328 4221 1408 4277 qnam
1421 4204 1544 4264 canendo
1562 4205 1762 4278 suspendimus,
1778 4207 1806 4267 in

1010 4315 1063 4371 qua
1076 4316 1129 4355 non
1141 4300 1231 4371 potius
1245 4300 1427 4365 sermonibus.
1443 4298 1490 4356 sed
1502 4299 1620 4356 modulis
1632 4300 1805 4357 inservimus.

1010 4394 1112 4465 Estque
1125 4408 1177 4449 vox
1194 4393 1251 4464 ipsa
1266 4393 1377 4460 tardior,
1393 4402 1421 4449 et
1435 4408 1483 4460 per
1499 4393 1677 4449 modulandas
1687 4390 1805 4448 varieta-

163 4484 302 4540 aeqnorum
316 4470 464 4540 ponderum
481 4469 627 4524 acetabulis
641 4470 801 4539 imrnittcns;
816 4488 887 4542 saepe
899 4474 957 4543 ipsa
1012 4491 1053 4538 tes
1064 4483 1202 4553 quoddam
1216 4483 1317 4538 taciens
1330 4480 1513 4545 intervallum,
1526 4495 1579 4534 nnn
1603 4481 1805 4549 taciturnitatis,

163 4576 274 4632 quoqne
291 4561 427 4616 acetabula
442 4560 556 4617 diversis
570 4559 682 4615 formata
695 4562 859 4631 ponderibus
870 4566 958 4634 virga,
971 4552 999 4613 Ι)
1011 4573 1059 4628 sed
1074 4586 1214 4642 snspensas
1228 4586 1260 4627 ac
1273 4570 1357 4625 tardas
1371 4568 1461 4640 potius
1471 4568 1623 4624 mntitenae.
1638 4568 1686 4623 llis
1700 4568 1740 4641 (us
1759 4570 1806 4625 At.

164 4654 299 4717 uelaercs,
324 4652 445 4708 ferreave
460 4653 625 4723 percutiens,
650 4654 717 4708 niirii
740 4669 799 4708 esso
821 4653 957 4711 diversum

164 4745 299 4800 inuenisse
315 4746 418 4800 laetatus
432 4755 486 4800 cst.
501 4744 569 4799 ltine
583 4744 664 4799 etiam
678 4743 789 4809 ductus,
806 4731 955 4816 tongttu‘di·

163 4853 225 4895 nem
237 4838 497 4906 crassitudinemque
507 4835 670 4893 cborriarurn
697 4846 724 4892 ut
732 4836 900 4892 examinaret
913 4851 957 4909 ag·

163 4947 271 5002 gressus
284 4938 335 4986 est.
352 4931 443 5001 ltaque
454 4929 558 4985 invenlt
571 4929 703 5000 regulam,
717 4928 751 4984 de
760 4944 812 4998 qua
826 4931 957 4998 posterius

163 5022 314 5095 loquemur,
326 5038 386 5094 quse
398 5038 430 5078 ex
445 5038 474 5079 rc
487 5021 645 5078 vocabulum
653 5021 779 5088 sumpsit,
795 5028 809 5069 ε
822 5036 875 5074 ιιοιι
887 5023 957 5092 quod

164 5117 254 5189 regula
269 5117 305 5172 sit
321 5117 408 5183 linea,
427 5131 474 5185 per
489 5130 568 5186 quam
584 5112 784 5185 magnitudines
794 5111 957 5170 clrordarunr

164 5222 312 5279 sonrrnrqne
326 5209 462 5275 metimur,
475 5207 523 5263 ssd
537 5207 607 5278 qnod
621 5207 712 5277 regnta
723 5206 846 5277 quadam
856 5206 892 5262 eit
906 5206 957 5262 ltu-

164 5299 278 5367 insmodi
292 5302 423 5372 inspectio
436 5301 488 5355 lixa
504 5299 646 5372 firmaque,
657 5309 686 5356 nt
700 5299 802 5357 nullum
819 5299 958 5370 inquiren·

164 5403 217 5449 tem
230 5392 312 5449 dubio
326 5393 399 5451 lallst
409 5392 523 5466 judicio.

461 5483 573 5541 CAPUT
593 5483 650 5539 xit.

237 5577 275 5632 De
289 5579 411 5632 diuisione
424 5593 514 5631 uocum
528 5591 664 5644 eorumque
681 5577 872 5644 explanatione.

199 5669 252 5725 seu
262 5669 295 5723 dc
308 5669 350 5722 lris
366 5669 512 5730 tractenus3
533 5681 603 5720 nnnc
616 5680 710 5721 vocum
726 5663 894 5720 drilerentias
906 5664 959 5719 col·

1012 4663 1091 4718 binus
1104 4651 1238 4732 autumat)
1249 4659 1359 4716 additur
1369 4658 1447 4715 tertia
1460 4656 1622 4725 dillesentis,
1632 4673 1693 4730 qnae
1703 4656 1806 4737 medias

1010 4767 1092 4808 voces
1101 4751 1188 4822 possit
1201 4751 1350 4818 includere,
1361 4750 1409 4808 sed
1417 4750 1531 4809 beroen
1545 4760 1669 4822 murrata
1678 4750 1805 4822 legimus,

1010 4860 1099 4917 neque
1111 4843 1241 4901 continno
1264 4857 1362 4913 cursu,
1376 4855 1405 4900 ut
1424 4859 1544 4914 prosam,
1560 4858 1648 4916 neque
1673 4857 1805 4917 suspemo

1010 4937 1185 5010 segniorique
1198 4938 1279 4995 modo
1293 4936 1380 5005 rucis,
1396 4943 1426 4992 ut
1440 4936 1587 4993 canticum.
1694 4933 1700 4946 '

1305 5027 1420 5088 CAPUT
1438 5028 1508 5086 xut.

1048 5121 1124 5190 Quod
1142 5122 1295 5192 infinitatem
1307 5136 1398 5177 uocum
1420 5126 1533 5177 bumana
1549 5130 1644 5178 nntsro
1660 5121 1766 5193 lisinii.

1046 5213 1310 5285 marocenorum
1325 5226 1375 5268 ros
1390 5221 1443 5277 est,
1457 5222 1525 5269 etea
1538 5228 1693 5285 rursusqua
1705 5213 1800 5269 deern-

1013 5302 1098 5359 rimus
1112 5304 1287 5368 cantilenam,
1310 5303 1467 5360 naturaliter
1479 5302 1589 5375 quidem
1604 5304 1715 5361 inunitae
1729 5312 1800 5362 sunt.
1814 5306 1821 5313 '
1835 5296 1840 5307 '

1012 5392 1235 5450 Consideratione
1247 5395 1319 5450 enim
1331 5407 1451 5466 accepta,
1464 5397 1555 5453 nnllns
1570 5399 1665 5455 modus
1678 5399 1720 5455 vel
1730 5398 1803 5455 erm·

1011 5483 1105 5539 vendis
1126 5485 1298 5541 sermonibus
1327 5486 1370 5552 tit,
1394 5487 1440 5543 vel
1459 5489 1628 5545 acuminibus
1649 5490 1802 5548 attollendis

976 5628 981 5636 ,
1011 5576 1239 5645 gravitatibusque
1251 5577 1382 5646 laxandis,
1394 5579 1440 5634 sed
1450 5580 1571 5651 utrisque
1580 5591 1673 5638 natura
1688 5584 1801 5648 bumana

1011 5668 1073 5723 tecit
1086 5669 1221 5737 proprium
1239 5668 1330 5724 sunem.
1345 5667 1485 5726 Continuae
1499 5673 1571 5727 enim
1584 5676 1641 5728 vsrci
1658 5674 1800 5730 ternsinnm

200 5787 405 5842 *Permisceret
446 5781 599 5838 iucundis.
639 5780 778 5837 ellrttrri.
815 5779 1000 5854 6(ἕοιισὶιιιιίιι.
1040 5780 1143 5839 rttoer.
1183 5778 1200 5855 ‘¹
1214 5779 1311 5838 iiticnr.
1351 5792 1363 5832 t
1391 5781 1447 5840 dors
1466 5786 1536 5858 qood
1556 5788 1797 5862 digressurepsis.
