<?xml version="1.0" encoding="UTF-8"?>
<!DOCTYPE html PUBLIC "-//W3C//DTD XHTML 1.0 Transitional//EN"
    "http://www.w3.org/TR/xhtml1/DTD/xhtml1-transitional.dtd">
<html xmlns="http://www.w3.org/1999/xhtml" xml:lang="en" lang="en">
 <head>
  <title>
</title>
<meta http-equiv="Content-Type" content="text/html;charset=utf-8" />
  <meta name='ocr-system' content='tesseract 3.04.00' />
  <meta name='ocr-capabilities' content='ocr_page ocr_carea ocr_par ocr_line ocrx_word'/>
</head>
<body>
  <div class='ocr_page' id='page_1' title='image "./patrologiaecurs47unkngoog_0538.png"; bbox 0 0 3906 6180; ppageno 0'>
   <div class='ocr_carea' id='block_1_1' title="bbox 173 250 1802 379">
    <p class='ocr_par' dir='ltr' id='par_1_1' title="bbox 173 250 1802 379">
     <span class='ocr_line' id='line_1_1' title="bbox 173 250 1802 379; baseline 0.002 -15"><span class='ocrx_word' id='word_1_1' title='bbox 173 306 243 364; x_wconf 78' lang='lat' dir='ltr'><strong>toas</strong></span> <span class='ocrx_word' id='word_1_2' title='bbox 658 315 660 319; x_wconf 92' lang='lat'>·</span> <span class='ocrx_word' id='word_1_3' title='bbox 708 250 720 272; x_wconf 61' lang='lat'><strong><em>⁹</em></strong></span> <span class='ocrx_word' id='word_1_4' title='bbox 768 307 1230 379; x_wconf 82' lang='lat' dir='ltr'><strong>uouuottttcputtsnrteu.</strong></span> <span class='ocrx_word' id='word_1_5' title='bbox 1272 268 1284 283; x_wconf 61' lang='lat'><strong><em>⁴</em></strong></span> <span class='ocrx_word' id='word_1_6' title='bbox 1733 311 1802 368; x_wconf 81' lang='lat' dir='ltr'><strong>tort</strong></span> 
     </span>
    </p>
   </div>
   <div class='ocr_carea' id='block_1_2' title="bbox 171 388 1800 583">
    <p class='ocr_par' dir='ltr' id='par_1_2' title="bbox 171 388 1800 583">
     <span class='ocr_line' id='line_1_2' title="bbox 171 388 1800 508; baseline 0.003 -34"><span class='ocrx_word' id='word_1_7' title='bbox 171 435 226 491; x_wconf 82' lang='lat' dir='ltr'><strong>quo</strong></span> <span class='ocrx_word' id='word_1_8' title='bbox 236 432 349 488; x_wconf 89' lang='lat' dir='ltr'><strong>corporo</strong></span> <span class='ocrx_word' id='word_1_9' title='bbox 361 418 457 475; x_wconf 79' lang='lat' dir='ltr'><strong>dividit</strong></span> <span class='ocrx_word' id='word_1_10' title='bbox 469 419 598 486; x_wconf 83' lang='lat' dir='ltr'><strong>circulos,</strong></span> <span class='ocrx_word' id='word_1_11' title='bbox 612 420 658 488; x_wconf 81' lang='lat' dir='ltr'><strong>oni</strong></span> <span class='ocrx_word' id='word_1_12' title='bbox 680 435 729 489; x_wconf 88' lang='lat' dir='ltr'><strong>per</strong></span> <span class='ocrx_word' id='word_1_13' title='bbox 747 431 873 491; x_wconf 76' lang='lat' dir='ltr'><strong>utrosque</strong></span> <span class='ocrx_word' id='word_1_14' title='bbox 885 421 960 491; x_wconf 82' lang='lat' dir='ltr'><strong>polos</strong></span> <span class='ocrx_word' id='word_1_15' title='bbox 973 421 1000 482; x_wconf 75' lang='lat' dir='ltr'>A</span> <span class='ocrx_word' id='word_1_16' title='bbox 1013 411 1264 508; x_wconf 36' lang='lat' dir='ltr'><strong>nonagintaleap&#39;ta</strong></span> <span class='ocrx_word' id='word_1_17' title='bbox 1289 421 1415 479; x_wconf 86' lang='lat' dir='ltr'><strong>babuisse</strong></span> <span class='ocrx_word' id='word_1_18' title='bbox 1436 422 1517 489; x_wconf 84' lang='lat' dir='ltr'><strong>canit,</strong></span> <span class='ocrx_word' id='word_1_19' title='bbox 1543 388 1800 495; x_wconf 48' lang='lat' dir='ltr'><strong>eleemosinam·</strong></span> 
     </span>
     <span class='ocr_line' id='line_1_3' title="bbox 172 508 1799 583; baseline 0.002 -19"><span class='ocrx_word' id='word_1_20' title='bbox 172 510 309 564; x_wconf 89' lang='lat' dir='ltr'><strong>transiens</strong></span> <span class='ocrx_word' id='word_1_21' title='bbox 323 508 409 578; x_wconf 70' lang='lat' dir='ltr'><strong>tangit</strong></span> <span class='ocrx_word' id='word_1_22' title='bbox 423 510 540 565; x_wconf 77' lang='lat' dir='ltr'><strong>Arietem</strong></span> <span class='ocrx_word' id='word_1_23' title='bbox 555 518 583 566; x_wconf 85' lang='lat' dir='ltr'><strong>et</strong></span> <span class='ocrx_word' id='word_1_24' title='bbox 595 509 704 566; x_wconf 83' lang='lat' dir='ltr'><strong>Citelas.</strong></span> <span class='ocrx_word' id='word_1_25' title='bbox 721 511 888 581; x_wconf 83' lang='lat' dir='ltr'><strong>ilioquitleur</strong></span> <span class='ocrx_word' id='word_1_26' title='bbox 898 526 959 565; x_wconf 89' lang='lat' dir='ltr'><strong>coro</strong></span> <span class='ocrx_word' id='word_1_27' title='bbox 1011 511 1093 577; x_wconf 78' lang='lat' dir='ltr'><strong>trinta,</strong></span> <span class='ocrx_word' id='word_1_28' title='bbox 1108 527 1143 566; x_wconf 85' lang='lat' dir='ltr'><strong>et</strong></span> <span class='ocrx_word' id='word_1_29' title='bbox 1158 511 1254 581; x_wconf 82' lang='lat' dir='ltr'><strong>quibas</strong></span> <span class='ocrx_word' id='word_1_30' title='bbox 1273 512 1295 565; x_wconf 92' lang='lat' dir='ltr'><strong>si</strong></span> <span class='ocrx_word' id='word_1_31' title='bbox 1310 511 1380 581; x_wconf 83' lang='lat' dir='ltr'><strong>quod</strong></span> <span class='ocrx_word' id='word_1_32' title='bbox 1393 524 1589 583; x_wconf 86' lang='lat' dir='ltr'><strong>amputaretur,</strong></span> <span class='ocrx_word' id='word_1_33' title='bbox 1604 513 1658 568; x_wconf 89' lang='lat' dir='ltr'><strong>dno</strong></span> <span class='ocrx_word' id='word_1_34' title='bbox 1676 527 1799 568; x_wconf 82' lang='lat' dir='ltr'><strong>ronasce·</strong></span> 
     </span>
    </p>
   </div>
   <div class='ocr_carea' id='block_1_3' title="bbox 171 598 1918 672">
    <p class='ocr_par' dir='ltr' id='par_1_3' title="bbox 171 598 1918 672">
     <span class='ocr_line' id='line_1_4' title="bbox 171 598 1918 672; baseline 0.003 -18"><span class='ocrx_word' id='word_1_35' title='bbox 171 598 272 664; x_wconf 80' lang='lat' dir='ltr'><strong>Tauro,</strong></span> <span class='ocrx_word' id='word_1_36' title='bbox 288 598 424 665; x_wconf 82' lang='lat' dir='ltr'><strong>Gentiois&#39;,</strong></span> <span class='ocrx_word' id='word_1_37' title='bbox 444 611 473 654; x_wconf 89' lang='lat' dir='ltr'><strong>et</strong></span> <span class='ocrx_word' id='word_1_38' title='bbox 490 601 608 665; x_wconf 85' lang='lat' dir='ltr'><strong>Cancro,</strong></span> <span class='ocrx_word' id='word_1_39' title='bbox 623 610 651 656; x_wconf 90' lang='lat' dir='ltr'><strong>et</strong></span> <span class='ocrx_word' id='word_1_40' title='bbox 665 600 756 656; x_wconf 80' lang='lat' dir='ltr'>Leone</span> <span class='ocrx_word' id='word_1_41' title='bbox 776 601 884 658; x_wconf 85' lang='lat' dir='ltr'><strong>oceidit.</strong></span> <span class='ocrx_word' id='word_1_42' title='bbox 899 602 961 656; x_wconf 87' lang='lat' dir='ltr'><strong>ideo</strong></span> <span class='ocrx_word' id='word_1_43' title='bbox 1007 600 1117 656; x_wconf 89' lang='lat' dir='ltr'><strong>bantur.</strong></span> <span class='ocrx_word' id='word_1_44' title='bbox 1141 603 1217 657; x_wconf 78' lang='lat' dir='ltr'><strong>itane</strong></span> <span class='ocrx_word' id='word_1_45' title='bbox 1232 603 1360 659; x_wconf 84' lang='lat' dir='ltr'><strong>ilerroles</strong></span> <span class='ocrx_word' id='word_1_46' title='bbox 1380 603 1489 672; x_wconf 75' lang='lat' dir='ltr'><strong>atlintus</strong></span> <span class='ocrx_word' id='word_1_47' title='bbox 1503 605 1539 659; x_wconf 92' lang='lat' dir='ltr'><strong>ab</strong></span> <span class='ocrx_word' id='word_1_48' title='bbox 1559 605 1630 660; x_wconf 89' lang='lat' dir='ltr'><strong>iolao</strong></span> <span class='ocrx_word' id='word_1_49' title='bbox 1653 604 1799 672; x_wconf 86' lang='lat' dir='ltr'><strong>superarit,</strong></span> <span class='ocrx_word' id='word_1_50' title='bbox 1910 644 1918 660; x_wconf 92' lang='lat'><strong>.</strong></span> 
     </span>
    </p>
   </div>
   <div class='ocr_carea' id='block_1_4' title="bbox 169 690 1798 1038">
    <p class='ocr_par' dir='ltr' id='par_1_4' title="bbox 170 690 1798 946">
     <span class='ocr_line' id='line_1_5' title="bbox 171 690 1798 765; baseline 0.003 -21"><span class='ocrx_word' id='word_1_51' title='bbox 171 705 234 745; x_wconf 79' lang='lat' dir='ltr'><strong>sero</strong></span> <span class='ocrx_word' id='word_1_52' title='bbox 247 690 371 745; x_wconf 79' lang='lat' dir='ltr'><strong>recidere</strong></span> <span class='ocrx_word' id='word_1_53' title='bbox 386 691 498 760; x_wconf 83' lang='lat' dir='ltr'><strong>dicitnr,</strong></span> <span class='ocrx_word' id='word_1_54' title='bbox 513 693 583 761; x_wconf 75' lang='lat' dir='ltr'><strong>qrrnrd</strong></span> <span class='ocrx_word' id='word_1_55' title='bbox 600 694 684 764; x_wconf 69' lang='lat' dir='ltr'><strong>tnagis</strong></span> <span class='ocrx_word' id='word_1_56' title='bbox 697 703 803 749; x_wconf 87' lang='lat' dir='ltr'><strong>erectus</strong></span> <span class='ocrx_word' id='word_1_57' title='bbox 818 710 833 749; x_wconf 92' lang='lat' dir='ltr'><strong>a</strong></span> <span class='ocrx_word' id='word_1_58' title='bbox 849 695 960 762; x_wconf 81' lang='lat' dir='ltr'><strong>pedibus</strong></span> <span class='ocrx_word' id='word_1_59' title='bbox 1000 693 1054 762; x_wconf 72' lang='lat' dir='ltr'><strong>oni</strong></span> <span class='ocrx_word' id='word_1_60' title='bbox 1069 693 1186 750; x_wconf 81' lang='lat' dir='ltr'><strong>recisum</strong></span> <span class='ocrx_word' id='word_1_61' title='bbox 1200 693 1329 748; x_wconf 87' lang='lat' dir='ltr'><strong>contiuuo</strong></span> <span class='ocrx_word' id='word_1_62' title='bbox 1342 704 1422 764; x_wconf 75' lang='lat' dir='ltr'><strong>eaput</strong></span> <span class='ocrx_word' id='word_1_63' title='bbox 1437 694 1567 765; x_wconf 81' lang='lat' dir='ltr'><strong>subjectis</strong></span> <span class='ocrx_word' id='word_1_64' title='bbox 1582 695 1696 751; x_wconf 82' lang='lat' dir='ltr'><strong>batntnis</strong></span> <span class='ocrx_word' id='word_1_65' title='bbox 1709 696 1798 751; x_wconf 89' lang='lat' dir='ltr'><strong>inare-</strong></span> 
     </span>
     <span class='ocr_line' id='line_1_6' title="bbox 171 781 1797 857; baseline 0.011 -23"><span class='ocrx_word' id='word_1_66' title='bbox 171 781 341 850; x_wconf 84' lang='lat' dir='ltr'><strong>pervenitad</strong></span> <span class='ocrx_word' id='word_1_67' title='bbox 358 785 514 837; x_wconf 75' lang='lat' dir='ltr'><strong>terremur</strong></span> <span class='ocrx_word' id='word_1_68' title='bbox 531 799 571 838; x_wconf 77' lang='lat' dir='ltr'><strong>em</strong></span> <span class='ocrx_word' id='word_1_69' title='bbox 582 784 656 839; x_wconf 87' lang='lat' dir='ltr'><strong>riens</strong></span> <span class='ocrx_word' id='word_1_70' title='bbox 668 785 759 850; x_wconf 84' lang='lat' dir='ltr'><strong>citios,</strong></span> <span class='ocrx_word' id='word_1_71' title='bbox 775 801 854 856; x_wconf 81' lang='lat' dir='ltr'><strong>qoam</strong></span> <span class='ocrx_word' id='word_1_72' title='bbox 870 788 959 845; x_wconf 76' lang='lat' dir='ltr'><strong>Coela</strong></span> <span class='ocrx_word' id='word_1_73' title='bbox 1009 783 1056 838; x_wconf 87' lang='lat' dir='ltr'><strong>bat</strong></span> <span class='ocrx_word' id='word_1_74' title='bbox 1075 784 1199 840; x_wconf 88' lang='lat' dir='ltr'><strong>llereulis</strong></span> <span class='ocrx_word' id='word_1_75' title='bbox 1220 784 1309 853; x_wconf 83' lang='lat' dir='ltr'><strong>jussu,</strong></span> <span class='ocrx_word' id='word_1_76' title='bbox 1325 795 1352 840; x_wconf 73' lang='lat'><strong>1¹²</strong></span> <span class='ocrx_word' id='word_1_77' title='bbox 1370 788 1496 857; x_wconf 59' lang='lat' dir='ltr'><strong>esibili</strong></span> <span class='ocrx_word' id='word_1_78' title='bbox 1517 787 1674 842; x_wconf 69' lang='lat' dir='ltr'><strong>Hesiodum·</strong></span> <span class='ocrx_word' id='word_1_79' title='bbox 1692 785 1729 840; x_wconf 73' lang='lat'><strong>⁰0</strong></span> <span class='ocrx_word' id='word_1_80' title='bbox 1749 785 1797 840; x_wconf 63' lang='lat'><strong>¹¹²⁰</strong></span> 
     </span>
     <span class='ocr_line' id='line_1_7' title="bbox 170 869 1437 946; baseline 0.005 -22"><span class='ocrx_word' id='word_1_81' title='bbox 170 872 285 925; x_wconf 82' lang='lat' dir='ltr'><strong>ridetur.</strong></span> <span class='ocrx_word' id='word_1_82' title='bbox 302 869 377 926; x_wconf 90' lang='lat' dir='ltr'><strong>Unde</strong></span> <span class='ocrx_word' id='word_1_83' title='bbox 397 886 412 925; x_wconf 89' lang='lat' dir='ltr'><strong>tt</strong></span> <span class='ocrx_word' id='word_1_84' title='bbox 434 871 521 940; x_wconf 89' lang='lat' dir='ltr'><strong>poetis</strong></span> <span class='ocrx_word' id='word_1_85' title='bbox 546 874 626 928; x_wconf 87' lang='lat' dir='ltr'><strong>ruodo</strong></span> <span class='ocrx_word' id='word_1_86' title='bbox 653 875 755 939; x_wconf 84' lang='lat' dir='ltr'><strong>tardos,</strong></span> <span class='ocrx_word' id='word_1_87' title='bbox 784 876 865 932; x_wconf 89' lang='lat' dir='ltr'><strong>modo</strong></span> <span class='ocrx_word' id='word_1_88' title='bbox 883 877 960 946; x_wconf 69' lang='lat' dir='ltr'><strong>piger</strong></span> <span class='ocrx_word' id='word_1_89' title='bbox 1009 875 1131 930; x_wconf 84' lang='lat' dir='ltr'><strong>meminit</strong></span> <span class='ocrx_word' id='word_1_90' title='bbox 1144 875 1273 931; x_wconf 79' lang='lat' dir='ltr'><strong>ovidiana</strong></span> <span class='ocrx_word' id='word_1_91' title='bbox 1295 876 1437 944; x_wconf 75' lang='lat' dir='ltr'><strong>Deianira:</strong></span> 
     </span>
    </p>

    <p class='ocr_par' dir='ltr' id='par_1_5' title="bbox 169 963 958 1038">
     <span class='ocr_line' id='line_1_8' title="bbox 169 963 958 1038; baseline 0.01 -22"><span class='ocrx_word' id='word_1_92' title='bbox 169 964 332 1034; x_wconf 79' lang='lat' dir='ltr'><strong>appellatur.</strong></span> <span class='ocrx_word' id='word_1_93' title='bbox 349 963 432 1033; x_wconf 83' lang='lat' dir='ltr'><strong>liujus</strong></span> <span class='ocrx_word' id='word_1_94' title='bbox 457 966 528 1020; x_wconf 84' lang='lat' dir='ltr'><strong>euim</strong></span> <span class='ocrx_word' id='word_1_95' title='bbox 557 980 672 1021; x_wconf 75' lang='lat' dir='ltr'><strong>occasus</strong></span> <span class='ocrx_word' id='word_1_96' title='bbox 691 971 958 1038; x_wconf 71' lang='lat' dir='ltr'><strong>quartuorsigttotttte</strong></span> 
     </span>
    </p>
   </div>
   <div class='ocr_carea' id='block_1_5' title="bbox 161 1053 953 3113">
    <p class='ocr_par' dir='ltr' id='par_1_6' title="bbox 168 1053 716 1122">
     <span class='ocr_line' id='line_1_9' title="bbox 168 1053 716 1122; baseline 0.004 -14"><span class='ocrx_word' id='word_1_97' title='bbox 168 1053 271 1108; x_wconf 76' lang='lat' dir='ltr'><strong>zodiaci</strong></span> <span class='ocrx_word' id='word_1_98' title='bbox 285 1060 391 1122; x_wconf 90' lang='lat' dir='ltr'><strong>tempus</strong></span> <span class='ocrx_word' id='word_1_99' title='bbox 403 1053 535 1120; x_wconf 75' lang='lat' dir='ltr'><strong>absumit,</strong></span> <span class='ocrx_word' id='word_1_100' title='bbox 549 1067 578 1110; x_wconf 92' lang='lat' dir='ltr'><strong>ut</strong></span> <span class='ocrx_word' id='word_1_101' title='bbox 589 1057 716 1111; x_wconf 66' lang='lat' dir='ltr'><strong>lirina».</strong></span> 
     </span>
    </p>

    <p class='ocr_par' dir='ltr' id='par_1_7' title="bbox 204 1138 595 1212">
     <span class='ocr_line' id='line_1_10' title="bbox 204 1138 595 1212; baseline 0.01 -16"><span class='ocrx_word' id='word_1_102' title='bbox 204 1138 339 1212; x_wconf 82' lang='lat' dir='ltr'><strong>Palleant]</strong></span> <span class='ocrx_word' id='word_1_103' title='bbox 357 1142 435 1199; x_wconf 83' lang='lat' dir='ltr'><strong>Deest</strong></span> <span class='ocrx_word' id='word_1_104' title='bbox 448 1147 469 1199; x_wconf 91' lang='lat' dir='ltr'><strong>ti</strong></span> <span class='ocrx_word' id='word_1_105' title='bbox 484 1147 526 1202; x_wconf 83' lang='lat' dir='ltr'><strong>tel</strong></span> <span class='ocrx_word' id='word_1_106' title='bbox 540 1164 595 1201; x_wconf 86' lang='lat' dir='ltr'><strong>cttr.</strong></span> 
     </span>
    </p>

    <p class='ocr_par' dir='ltr' id='par_1_8' title="bbox 203 1229 683 1306">
     <span class='ocr_line' id='line_1_11' title="bbox 203 1229 683 1306; baseline 0.006 -18"><span class='ocrx_word' id='word_1_107' title='bbox 203 1229 341 1301; x_wconf 73' lang='lat' dir='ltr'><strong><em>Palleant]</em></strong></span> <span class='ocrx_word' id='word_1_108' title='bbox 354 1233 538 1289; x_wconf 80' lang='lat' dir='ltr'><strong>oosrorentor</strong></span> <span class='ocrx_word' id='word_1_109' title='bbox 553 1235 683 1306; x_wconf 88' lang='lat' dir='ltr'><strong>deliquio.</strong></span> 
     </span>
    </p>

    <p class='ocr_par' dir='ltr' id='par_1_9' title="bbox 202 1321 491 1395">
     <span class='ocr_line' id='line_1_12' title="bbox 202 1321 491 1395; baseline 0.021 -19"><span class='ocrx_word' id='word_1_110' title='bbox 202 1321 319 1395; x_wconf 74' lang='lat' dir='ltr'><strong>inserto]</strong></span> <span class='ocrx_word' id='word_1_111' title='bbox 333 1325 491 1382; x_wconf 73' lang='lat' dir='ltr'><strong>Obscuram.</strong></span> 
     </span>
    </p>

    <p class='ocr_par' dir='ltr' id='par_1_10' title="bbox 204 1411 435 1486">
     <span class='ocr_line' id='line_1_13' title="bbox 204 1411 435 1486; baseline 0.022 -20"><span class='ocrx_word' id='word_1_112' title='bbox 204 1411 295 1486; x_wconf 69' lang='lat' dir='ltr'><strong>Helie]</strong></span> <span class='ocrx_word' id='word_1_113' title='bbox 310 1414 435 1484; x_wconf 74' lang='lat' dir='ltr'><strong>Obiecto.</strong></span> 
     </span>
    </p>

    <p class='ocr_par' dir='ltr' id='par_1_11' title="bbox 161 1503 953 1756">
     <span class='ocr_line' id='line_1_14' title="bbox 205 1503 953 1579; baseline 0.007 -23"><span class='ocrx_word' id='word_1_114' title='bbox 205 1503 296 1559; x_wconf 79' lang='lat' dir='ltr'><strong>Noctis</strong></span> <span class='ocrx_word' id='word_1_115' title='bbox 309 1504 410 1578; x_wconf 63' lang='lat' dir='ltr'><strong>macte]</strong></span> <span class='ocrx_word' id='word_1_116' title='bbox 427 1517 505 1563; x_wconf 80' lang='lat' dir='ltr'><strong>terre</strong></span> <span class='ocrx_word' id='word_1_117' title='bbox 526 1507 703 1578; x_wconf 73' lang='lat' dir='ltr'><strong>obscurantis.</strong></span> <span class='ocrx_word' id='word_1_118' title='bbox 716 1505 866 1579; x_wconf 71' lang='lat' dir='ltr'><strong>Deliquium</strong></span> <span class='ocrx_word' id='word_1_119' title='bbox 881 1504 953 1561; x_wconf 89' lang='lat' dir='ltr'><strong>enbti</strong></span> 
     </span>
     <span class='ocr_line' id='line_1_15' title="bbox 168 1590 952 1668; baseline 0.01 -22"><span class='ocrx_word' id='word_1_120' title='bbox 168 1590 276 1649; x_wconf 73' lang='lat' dir='ltr'><strong>lunelli</strong></span> <span class='ocrx_word' id='word_1_121' title='bbox 288 1608 321 1650; x_wconf 82' lang='lat' dir='ltr'><strong>ex</strong></span> <span class='ocrx_word' id='word_1_122' title='bbox 336 1595 539 1666; x_wconf 71' lang='lat' dir='ltr'><strong>interpositione</strong></span> <span class='ocrx_word' id='word_1_123' title='bbox 549 1609 627 1654; x_wconf 83' lang='lat' dir='ltr'><strong>terrae</strong></span> <span class='ocrx_word' id='word_1_124' title='bbox 638 1600 707 1654; x_wconf 88' lang='lat' dir='ltr'><strong>inter</strong></span> <span class='ocrx_word' id='word_1_125' title='bbox 718 1599 836 1654; x_wconf 84' lang='lat' dir='ltr'><strong>solemet</strong></span> <span class='ocrx_word' id='word_1_126' title='bbox 850 1598 952 1668; x_wconf 86' lang='lat' dir='ltr'><strong>intrant.</strong></span> 
     </span>
     <span class='ocr_line' id='line_1_16' title="bbox 161 1682 458 1756; baseline 0.02 -21"><span class='ocrx_word' id='word_1_127' title='bbox 161 1747 163 1750; x_wconf 8' lang='lat' dir='ltr'>y</span> <span class='ocrx_word' id='word_1_128' title='bbox 204 1682 458 1756; x_wconf 77' lang='lat' dir='ltr'><strong>Quoque1Ett1nte.</strong></span> 
     </span>
    </p>

    <p class='ocr_par' dir='ltr' id='par_1_12' title="bbox 203 1769 581 1847">
     <span class='ocr_line' id='line_1_17' title="bbox 203 1769 581 1847; baseline 0.019 -23"><span class='ocrx_word' id='word_1_129' title='bbox 203 1769 327 1845; x_wconf 63' lang='lat' dir='ltr'><strong>Fulgenti</strong></span> <span class='ocrx_word' id='word_1_130' title='bbox 337 1774 396 1847; x_wconf 83' lang='lat' dir='ltr'><strong>ore]</strong></span> <span class='ocrx_word' id='word_1_131' title='bbox 410 1777 487 1832; x_wconf 88' lang='lat' dir='ltr'><strong>Clara</strong></span> <span class='ocrx_word' id='word_1_132' title='bbox 502 1777 581 1834; x_wconf 78' lang='lat' dir='ltr'><strong>iacis.</strong></span> 
     </span>
    </p>

    <p class='ocr_par' dir='ltr' id='par_1_13' title="bbox 166 1859 952 2027">
     <span class='ocr_line' id='line_1_18' title="bbox 201 1859 952 1936; baseline 0.015 -21"><span class='ocrx_word' id='word_1_133' title='bbox 201 1859 325 1936; x_wconf 72' lang='lat' dir='ltr'><strong>isaari]</strong></span> <span class='ocrx_word' id='word_1_134' title='bbox 338 1865 507 1931; x_wconf 82' lang='lat' dir='ltr'><strong>occuluerat,</strong></span> <span class='ocrx_word' id='word_1_135' title='bbox 523 1867 689 1933; x_wconf 72' lang='lat' dir='ltr'><strong>condiderat,</strong></span> <span class='ocrx_word' id='word_1_136' title='bbox 701 1868 888 1925; x_wconf 77' lang='lat' dir='ltr'><strong>odoacar-etot.</strong></span> <span class='ocrx_word' id='word_1_137' title='bbox 900 1869 952 1926; x_wconf 76' lang='lat' dir='ltr'><strong>lit·</strong></span> 
     </span>
     <span class='ocr_line' id='line_1_19' title="bbox 166 1953 880 2027; baseline 0.014 -22"><span class='ocrx_word' id='word_1_138' title='bbox 166 1955 224 2007; x_wconf 88' lang='lat' dir='ltr'><strong>lura</strong></span> <span class='ocrx_word' id='word_1_139' title='bbox 235 1953 305 2008; x_wconf 89' lang='lat' dir='ltr'><strong>enirn</strong></span> <span class='ocrx_word' id='word_1_140' title='bbox 320 1953 381 2019; x_wconf 86' lang='lat' dir='ltr'><strong>lert,</strong></span> <span class='ocrx_word' id='word_1_141' title='bbox 396 1966 424 2011; x_wconf 91' lang='lat' dir='ltr'><strong>ut</strong></span> <span class='ocrx_word' id='word_1_142' title='bbox 439 1957 524 2027; x_wconf 79' lang='lat' dir='ltr'><strong>mains</strong></span> <span class='ocrx_word' id='word_1_143' title='bbox 535 1957 625 2012; x_wconf 88' lang='lat' dir='ltr'><strong>lumen</strong></span> <span class='ocrx_word' id='word_1_144' title='bbox 640 1958 753 2016; x_wconf 87' lang='lat' dir='ltr'><strong>olittseet</strong></span> <span class='ocrx_word' id='word_1_145' title='bbox 766 1963 880 2016; x_wconf 85' lang='lat' dir='ltr'><strong>minora.</strong></span> 
     </span>
    </p>

    <p class='ocr_par' dir='ltr' id='par_1_14' title="bbox 201 2034 770 2116">
     <span class='ocr_line' id='line_1_20' title="bbox 201 2034 770 2116; baseline 0.016 -20"><span class='ocrx_word' id='word_1_146' title='bbox 201 2043 332 2116; x_wconf 65' lang='lat' dir='ltr'><strong>Contineo]</strong></span> <span class='ocrx_word' id='word_1_147' title='bbox 347 2046 501 2103; x_wconf 78' lang='lat' dir='ltr'><strong>Defectione</strong></span> <span class='ocrx_word' id='word_1_148' title='bbox 515 2047 652 2103; x_wconf 87' lang='lat' dir='ltr'><strong>laborans.</strong></span> <span class='ocrx_word' id='word_1_149' title='bbox 764 2034 770 2045; x_wconf 76' lang='grc'>’</span> 
     </span>
    </p>

    <p class='ocr_par' dir='ltr' id='par_1_15' title="bbox 203 2132 650 2208">
     <span class='ocr_line' id='line_1_21' title="bbox 203 2132 650 2208; baseline 0.018 -22"><span class='ocrx_word' id='word_1_150' title='bbox 203 2132 323 2208; x_wconf 75' lang='lat' dir='ltr'><strong>detepot]</strong></span> <span class='ocrx_word' id='word_1_151' title='bbox 340 2135 489 2201; x_wconf 73' lang='lat' dir='ltr'><strong>splendere</strong></span> <span class='ocrx_word' id='word_1_152' title='bbox 501 2141 650 2208; x_wconf 82' lang='lat' dir='ltr'><strong>permittat.</strong></span> 
     </span>
    </p>

    <p class='ocr_par' dir='ltr' id='par_1_16' title="bbox 165 2222 953 2826">
     <span class='ocr_line' id='line_1_22' title="bbox 204 2222 952 2307; baseline 0.02 -31"><span class='ocrx_word' id='word_1_153' title='bbox 204 2222 361 2294; x_wconf 77' lang='lat' dir='ltr'><strong>Lououtoee</strong></span> <span class='ocrx_word' id='word_1_154' title='bbox 384 2228 478 2283; x_wconf 80' lang='lat' dir='ltr'><strong>crebris</strong></span> <span class='ocrx_word' id='word_1_155' title='bbox 492 2230 607 2298; x_wconf 82' lang='lat' dir='ltr'><strong>pultibus</strong></span> <span class='ocrx_word' id='word_1_156' title='bbox 627 2229 694 2307; x_wconf 84' lang='lat' dir='ltr'><strong>trra]</strong></span> <span class='ocrx_word' id='word_1_157' title='bbox 715 2231 792 2304; x_wconf 82' lang='lat' dir='ltr'><strong>iiam,</strong></span> <span class='ocrx_word' id='word_1_158' title='bbox 808 2242 837 2290; x_wconf 85' lang='lat' dir='ltr'><strong>ut</strong></span> <span class='ocrx_word' id='word_1_159' title='bbox 859 2233 952 2292; x_wconf 77' lang='lat' dir='ltr'><strong>scribit</strong></span> 
     </span>
     <span class='ocr_line' id='line_1_23' title="bbox 167 2312 952 2396; baseline 0.017 -28"><span class='ocrx_word' id='word_1_160' title='bbox 167 2312 269 2394; x_wconf 79' lang='lat' dir='ltr'><strong>Plinius</strong></span> <span class='ocrx_word' id='word_1_161' title='bbox 283 2316 350 2373; x_wconf 91' lang='lat' dir='ltr'><strong>libro</strong></span> <span class='ocrx_word' id='word_1_162' title='bbox 362 2320 490 2386; x_wconf 87' lang='lat' dir='ltr'><strong>secundo,</strong></span> <span class='ocrx_word' id='word_1_163' title='bbox 500 2323 588 2392; x_wconf 91' lang='lat' dir='ltr'><strong>capite</strong></span> <span class='ocrx_word' id='word_1_164' title='bbox 601 2323 778 2380; x_wconf 76' lang='lat' dir='ltr'><strong>duodecimo:</strong></span> <span class='ocrx_word' id='word_1_165' title='bbox 796 2323 851 2380; x_wconf 68' lang='lat' dir='ltr'><strong>vti-t</strong></span> <span class='ocrx_word' id='word_1_166' title='bbox 862 2326 952 2396; x_wconf 73' lang='lat' dir='ltr'><strong>iopen·</strong></span> 
     </span>
     <span class='ocr_line' id='line_1_24' title="bbox 166 2404 953 2483; baseline 0.024 -28"><span class='ocrx_word' id='word_1_167' title='bbox 166 2411 213 2470; x_wconf 81' lang='lat' dir='ltr'><strong>tet,</strong></span> <span class='ocrx_word' id='word_1_168' title='bbox 224 2404 291 2456; x_wconf 84' lang='lat' dir='ltr'><strong>inter</strong></span> <span class='ocrx_word' id='word_1_169' title='bbox 301 2420 364 2473; x_wconf 80' lang='lat' dir='ltr'><strong>quot</strong></span> <span class='ocrx_word' id='word_1_170' title='bbox 384 2409 433 2478; x_wconf 78' lang='lat' dir='ltr'><strong>{trit</strong></span> <span class='ocrx_word' id='word_1_171' title='bbox 449 2408 622 2481; x_wconf 77' lang='lat' dir='ltr'><strong>Stesichorus,</strong></span> <span class='ocrx_word' id='word_1_172' title='bbox 638 2423 661 2468; x_wconf 87' lang='lat' dir='ltr'><strong>et</strong></span> <span class='ocrx_word' id='word_1_173' title='bbox 682 2413 821 2483; x_wconf 83' lang='lat' dir='ltr'><strong>Pitttlorttt,</strong></span> <span class='ocrx_word' id='word_1_174' title='bbox 837 2414 953 2473; x_wconf 80' lang='lat' dir='ltr'><strong>credide·</strong></span> 
     </span>
     <span class='ocr_line' id='line_1_25' title="bbox 165 2494 950 2576; baseline 0.023 -32"><span class='ocrx_word' id='word_1_175' title='bbox 165 2502 225 2546; x_wconf 91' lang='lat' dir='ltr'><strong>rttnt</strong></span> <span class='ocrx_word' id='word_1_176' title='bbox 240 2494 327 2547; x_wconf 84' lang='lat' dir='ltr'><strong>lunum</strong></span> <span class='ocrx_word' id='word_1_177' title='bbox 341 2498 457 2566; x_wconf 76' lang='lat' dir='ltr'><strong>eclipsim</strong></span> <span class='ocrx_word' id='word_1_178' title='bbox 467 2510 491 2555; x_wconf 87' lang='lat' dir='ltr'><strong>et</strong></span> <span class='ocrx_word' id='word_1_179' title='bbox 501 2504 575 2573; x_wconf 81' lang='lat' dir='ltr'><strong>qnasi</strong></span> <span class='ocrx_word' id='word_1_180' title='bbox 595 2513 699 2559; x_wconf 83' lang='lat' dir='ltr'><strong>mortrui</strong></span> <span class='ocrx_word' id='word_1_181' title='bbox 712 2507 766 2576; x_wconf 82' lang='lat' dir='ltr'><strong>pati</strong></span> <span class='ocrx_word' id='word_1_182' title='bbox 780 2522 811 2561; x_wconf 81' lang='lat' dir='ltr'><strong>ea</strong></span> <span class='ocrx_word' id='word_1_183' title='bbox 824 2507 950 2561; x_wconf 85' lang='lat' dir='ltr'><strong>carnatio-</strong></span> 
     </span>
     <span class='ocr_line' id='line_1_26' title="bbox 167 2583 951 2667; baseline 0.018 -31"><span class='ocrx_word' id='word_1_184' title='bbox 167 2583 264 2640; x_wconf 73' lang='lat' dir='ltr'><strong>nitor.-</strong></span> <span class='ocrx_word' id='word_1_185' title='bbox 284 2589 351 2641; x_wconf 85' lang='lat' dir='ltr'><strong>uude</strong></span> <span class='ocrx_word' id='word_1_186' title='bbox 371 2605 404 2642; x_wconf 86' lang='lat' dir='ltr'><strong>ne</strong></span> <span class='ocrx_word' id='word_1_187' title='bbox 426 2590 454 2662; x_wconf 81' lang='lat' dir='ltr'><strong>id</strong></span> <span class='ocrx_word' id='word_1_188' title='bbox 479 2592 541 2647; x_wconf 89' lang='lat' dir='ltr'><strong>lttntt</strong></span> <span class='ocrx_word' id='word_1_189' title='bbox 565 2603 705 2662; x_wconf 82' lang='lat' dir='ltr'><strong>poteretur,</strong></span> <span class='ocrx_word' id='word_1_190' title='bbox 728 2598 830 2651; x_wconf 82' lang='lat' dir='ltr'><strong>diatono</strong></span> <span class='ocrx_word' id='word_1_191' title='bbox 853 2598 951 2667; x_wconf 72' lang='lat' dir='ltr'><strong>rrrpCo</strong></span> 
     </span>
     <span class='ocr_line' id='line_1_27' title="bbox 166 2676 949 2757; baseline 0.022 -31"><span class='ocrx_word' id='word_1_192' title='bbox 166 2676 352 2732; x_wconf 84' lang='lat' dir='ltr'><strong>tnecarrebont.</strong></span> <span class='ocrx_word' id='word_1_193' title='bbox 375 2678 442 2735; x_wconf 87' lang='lat' dir='ltr'><strong>iiiuc</strong></span> <span class='ocrx_word' id='word_1_194' title='bbox 454 2681 489 2737; x_wconf 90' lang='lat' dir='ltr'><strong>de</strong></span> <span class='ocrx_word' id='word_1_195' title='bbox 508 2683 625 2738; x_wconf 84' lang='lat' dir='ltr'><strong>clamosa</strong></span> <span class='ocrx_word' id='word_1_196' title='bbox 641 2684 752 2752; x_wconf 79' lang='lat' dir='ltr'><strong>muliere</strong></span> <span class='ocrx_word' id='word_1_197' title='bbox 771 2699 860 2757; x_wconf 71' lang='lat' dir='ltr'><strong>satyra</strong></span> <span class='ocrx_word' id='word_1_198' title='bbox 876 2696 949 2743; x_wconf 82' lang='lat' dir='ltr'><strong>tetta</strong></span> 
     </span>
     <span class='ocr_line' id='line_1_28' title="bbox 165 2763 367 2826; baseline 0.03 -6"><span class='ocrx_word' id='word_1_199' title='bbox 165 2763 322 2826; x_wconf 82' lang='lat' dir='ltr'><strong>luvenalis:</strong></span> <span class='ocrx_word' id='word_1_200' title='bbox 360 2805 367 2815; x_wconf 89' lang='lat'><em>-</em></span> 
     </span>
    </p>

    <p class='ocr_par' dir='ltr' id='par_1_17' title="bbox 164 2883 948 3113">
     <span class='ocr_line' id='line_1_29' title="bbox 348 2883 825 2956; baseline 0.031 -24"><span class='ocrx_word' id='word_1_201' title='bbox 348 2883 400 2934; x_wconf 87' lang='lat' dir='ltr'><strong>lam</strong></span> <span class='ocrx_word' id='word_1_202' title='bbox 414 2898 486 2935; x_wconf 85' lang='lat' dir='ltr'><strong>nemo</strong></span> <span class='ocrx_word' id='word_1_203' title='bbox 495 2888 565 2937; x_wconf 86' lang='lat' dir='ltr'><strong>toltas</strong></span> <span class='ocrx_word' id='word_1_204' title='bbox 575 2895 649 2953; x_wconf 86' lang='lat' dir='ltr'><strong>atque</strong></span> <span class='ocrx_word' id='word_1_205' title='bbox 660 2904 708 2941; x_wconf 75' lang='lat' dir='ltr'><strong>era</strong></span> <span class='ocrx_word' id='word_1_206' title='bbox 720 2892 806 2956; x_wconf 73' lang='lat' dir='ltr'><strong>latigot</strong></span> <span class='ocrx_word' id='word_1_207' title='bbox 818 2908 825 2947; x_wconf 75' lang='grc' dir='ltr'><strong>ε</strong></span> 
     </span>
     <span class='ocr_line' id='line_1_30' title="bbox 255 2942 780 3009; baseline 0.029 -16"><span class='ocrx_word' id='word_1_208' title='bbox 255 2942 308 2993; x_wconf 58' lang='lat' dir='ltr'><strong>›an</strong></span> <span class='ocrx_word' id='word_1_209' title='bbox 319 2944 437 2996; x_wconf 82' lang='lat' dir='ltr'><strong>laboranti</strong></span> <span class='ocrx_word' id='word_1_210' title='bbox 450 2949 541 3009; x_wconf 82' lang='lat' dir='ltr'><strong>poterit</strong></span> <span class='ocrx_word' id='word_1_211' title='bbox 551 2965 696 3006; x_wconf 82' lang='lat' dir='ltr'><strong>succurrere</strong></span> <span class='ocrx_word' id='word_1_212' title='bbox 706 2954 780 3008; x_wconf 73' lang='lat' dir='ltr'><strong>lone.</strong></span> 
     </span>
     <span class='ocr_line' id='line_1_31' title="bbox 164 3025 948 3113; baseline 0.034 -38"><span class='ocrx_word' id='word_1_213' title='bbox 164 3025 239 3078; x_wconf 76' lang='lat' dir='ltr'><strong>doct·</strong></span> <span class='ocrx_word' id='word_1_214' title='bbox 251 3040 280 3080; x_wconf 88' lang='lat' dir='ltr'><strong>re</strong></span> <span class='ocrx_word' id='word_1_215' title='bbox 301 3027 453 3096; x_wconf 80' lang='lat' dir='ltr'><strong>Plutarcho,</strong></span> <span class='ocrx_word' id='word_1_216' title='bbox 469 3034 587 3102; x_wconf 76' lang='lat' dir='ltr'><strong>Aganiee</strong></span> <span class='ocrx_word' id='word_1_217' title='bbox 602 3036 725 3107; x_wconf 74' lang='lat' dir='ltr'><strong>Agetoria</strong></span> <span class='ocrx_word' id='word_1_218' title='bbox 740 3039 860 3102; x_wconf 76' lang='lat' dir='ltr'><strong>tnesatl</strong></span> <span class='ocrx_word' id='word_1_219' title='bbox 883 3044 948 3113; x_wconf 82' lang='lat' dir='ltr'><strong>lilia,</strong></span> 
     </span>
    </p>
   </div>
   <div class='ocr_carea' id='block_1_6' title="bbox 164 3116 987 3207">
    <p class='ocr_par' dir='ltr' id='par_1_18' title="bbox 164 3116 987 3207">
     <span class='ocr_line' id='line_1_32' title="bbox 164 3116 987 3207; baseline 0.036 -43"><span class='ocrx_word' id='word_1_220' title='bbox 164 3116 234 3183; x_wconf 77' lang='lat' dir='ltr'><strong>ortod</strong></span> <span class='ocrx_word' id='word_1_221' title='bbox 250 3118 454 3186; x_wconf 89' lang='lat' dir='ltr'><strong>pleniluniorom</strong></span> <span class='ocrx_word' id='word_1_222' title='bbox 469 3124 623 3182; x_wconf 77' lang='lat' dir='ltr'><strong>defectuum</strong></span> <span class='ocrx_word' id='word_1_223' title='bbox 639 3137 712 3186; x_wconf 90' lang='lat' dir='ltr'><strong>esset</strong></span> <span class='ocrx_word' id='word_1_224' title='bbox 724 3145 818 3202; x_wconf 69' lang='lat' dir='ltr'><strong>gnara,</strong></span> <span class='ocrx_word' id='word_1_225' title='bbox 833 3118 987 3207; x_wconf 80' lang='lat' dir='ltr'><strong>lentipes-c</strong></span> 
     </span>
    </p>
   </div>
   <div class='ocr_carea' id='block_1_7' title="bbox 162 3215 950 3919">
    <p class='ocr_par' dir='ltr' id='par_1_19' title="bbox 162 3215 950 3472">
     <span class='ocr_line' id='line_1_33' title="bbox 166 3215 950 3283; baseline 0.032 -24"><span class='ocrx_word' id='word_1_226' title='bbox 166 3220 220 3273; x_wconf 78' lang='lat' dir='ltr'><strong>qne</strong></span> <span class='ocrx_word' id='word_1_227' title='bbox 241 3222 433 3279; x_wconf 79' lang='lat' dir='ltr'><strong>praenosceret,</strong></span> <span class='ocrx_word' id='word_1_228' title='bbox 447 3229 500 3283; x_wconf 85' lang='lat' dir='ltr'><strong>quo</strong></span> <span class='ocrx_word' id='word_1_229' title='bbox 513 3215 602 3270; x_wconf 91' lang='lat' dir='ltr'><strong>lunam</strong></span> <span class='ocrx_word' id='word_1_230' title='bbox 616 3218 651 3273; x_wconf 91' lang='lat' dir='ltr'><strong>ab</strong></span> <span class='ocrx_word' id='word_1_231' title='bbox 665 3221 758 3279; x_wconf 86' lang='lat' dir='ltr'><strong>ntttbra</strong></span> <span class='ocrx_word' id='word_1_232' title='bbox 772 3234 850 3281; x_wconf 81' lang='lat' dir='ltr'><strong>terra</strong></span> <span class='ocrx_word' id='word_1_233' title='bbox 866 3226 950 3283; x_wconf 87' lang='lat' dir='ltr'><strong>inter·</strong></span> 
     </span>
     <span class='ocr_line' id='line_1_34' title="bbox 165 3299 948 3390; baseline 0.031 -37"><span class='ocrx_word' id='word_1_234' title='bbox 165 3299 219 3366; x_wconf 86' lang='lat' dir='ltr'><strong>eipi</strong></span> <span class='ocrx_word' id='word_1_235' title='bbox 248 3301 431 3370; x_wconf 71' lang='lat' dir='ltr'><strong>contingeret,</strong></span> <span class='ocrx_word' id='word_1_236' title='bbox 458 3315 577 3361; x_wconf 87' lang='lat' dir='ltr'><strong>mentem</strong></span> <span class='ocrx_word' id='word_1_237' title='bbox 606 3310 745 3368; x_wconf 89' lang='lat' dir='ltr'><strong>mulierum</strong></span> <span class='ocrx_word' id='word_1_238' title='bbox 774 3318 948 3390; x_wconf 74' lang='lat' dir='ltr'><strong>exturbabat,</strong></span> 
     </span>
     <span class='ocr_line' id='line_1_35' title="bbox 162 3389 796 3472; baseline 0.038 -30"><span class='ocrx_word' id='word_1_239' title='bbox 162 3389 274 3456; x_wconf 81' lang='lat' dir='ltr'><strong>i&#39;lisune</strong></span> <span class='ocrx_word' id='word_1_240' title='bbox 286 3403 314 3446; x_wconf 89' lang='lat' dir='ltr'><strong>se</strong></span> <span class='ocrx_word' id='word_1_241' title='bbox 331 3393 420 3450; x_wconf 89' lang='lat' dir='ltr'><strong>lunato</strong></span> <span class='ocrx_word' id='word_1_242' title='bbox 437 3390 571 3455; x_wconf 81' lang='lat' dir='ltr'><strong>dedocere</strong></span> <span class='ocrx_word' id='word_1_243' title='bbox 583 3406 771 3472; x_wconf 80' lang='lat' dir='ltr'><strong>persuadebat.</strong></span> <span class='ocrx_word' id='word_1_244' title='bbox 794 3427 796 3431; x_wconf 74' lang='grc'>’</span> 
     </span>
    </p>

    <p class='ocr_par' dir='ltr' id='par_1_20' title="bbox 198 3477 376 3553">
     <span class='ocr_line' id='line_1_36' title="bbox 198 3477 376 3553; baseline 0.039 -21"><span class='ocrx_word' id='word_1_245' title='bbox 198 3477 343 3553; x_wconf 78' lang='lat' dir='ltr'><strong>Coriliictt</strong></span> <span class='ocrx_word' id='word_1_246' title='bbox 357 3484 376 3539; x_wconf 94' lang='lat' dir='ltr'><strong>i.</strong></span> 
     </span>
    </p>

    <p class='ocr_par' dir='ltr' id='par_1_21' title="bbox 198 3569 639 3649">
     <span class='ocr_line' id='line_1_37' title="bbox 198 3569 639 3649; baseline 0.041 -26"><span class='ocrx_word' id='word_1_247' title='bbox 198 3569 348 3649; x_wconf 66' lang='lat' dir='ltr'><strong>frementi]</strong></span> <span class='ocrx_word' id='word_1_248' title='bbox 364 3575 486 3635; x_wconf 78' lang='lat' dir='ltr'><strong>Graviter</strong></span> <span class='ocrx_word' id='word_1_249' title='bbox 502 3584 639 3642; x_wconf 64' lang='lat' dir='ltr'><strong>frenant</strong></span> 
     </span>
    </p>

    <p class='ocr_par' dir='ltr' id='par_1_22' title="bbox 199 3663 507 3739">
     <span class='ocr_line' id='line_1_38' title="bbox 199 3663 507 3739; baseline 0.049 -24"><span class='ocrx_word' id='word_1_250' title='bbox 199 3663 334 3739; x_wconf 79' lang='lat' dir='ltr'><strong>Tendere]</strong></span> <span class='ocrx_word' id='word_1_251' title='bbox 352 3669 507 3730; x_wconf 83' lang='lat' dir='ltr'><strong>Percutere.</strong></span> 
     </span>
    </p>

    <p class='ocr_par' dir='ltr' id='par_1_23' title="bbox 200 3755 569 3833">
     <span class='ocr_line' id='line_1_39' title="bbox 200 3755 569 3833; baseline 0.035 -24"><span class='ocrx_word' id='word_1_252' title='bbox 200 3755 313 3828; x_wconf 80' lang='lat' dir='ltr'><strong>Soloier]</strong></span> <span class='ocrx_word' id='word_1_253' title='bbox 330 3760 413 3827; x_wconf 80' lang='lat' dir='ltr'><strong>So&#39;ri,</strong></span> <span class='ocrx_word' id='word_1_254' title='bbox 430 3763 569 3833; x_wconf 79' lang='lat' dir='ltr'><strong>lioneleri.</strong></span> 
     </span>
    </p>

    <p class='ocr_par' dir='ltr' id='par_1_24' title="bbox 200 3844 676 3919">
     <span class='ocr_line' id='line_1_40' title="bbox 200 3844 676 3919; baseline 0.032 -23"><span class='ocrx_word' id='word_1_255' title='bbox 200 3844 334 3919; x_wconf 78' lang='lat' dir='ltr'><strong>latentes]</strong></span> <span class='ocrx_word' id='word_1_256' title='bbox 347 3848 563 3909; x_wconf 83' lang='lat' dir='ltr'><strong>subaudiendum</strong></span> <span class='ocrx_word' id='word_1_257' title='bbox 579 3872 676 3914; x_wconf 59' lang='lat' dir='ltr'><strong>consae.</strong></span> 
     </span>
    </p>
   </div>
   <div class='ocr_carea' id='block_1_8' title="bbox 163 3935 947 4206">
    <p class='ocr_par' dir='ltr' id='par_1_25' title="bbox 163 3935 947 4206">
     <span class='ocr_line' id='line_1_41' title="bbox 201 3935 947 4017; baseline 0.039 -28"><span class='ocrx_word' id='word_1_258' title='bbox 201 3935 331 4011; x_wconf 78' lang='lat' dir='ltr'><strong>Inriitr&#39;oel</strong></span> <span class='ocrx_word' id='word_1_259' title='bbox 347 3941 501 4013; x_wconf 75' lang='lat' dir='ltr'><strong>ignorantiae</strong></span> <span class='ocrx_word' id='word_1_260' title='bbox 522 3949 555 4003; x_wconf 81' lang='lat' dir='ltr'><strong>Et</strong></span> <span class='ocrx_word' id='word_1_261' title='bbox 567 3952 831 4012; x_wconf 74' lang='lat' dir='ltr'><strong>:animaduertendum</strong></span> <span class='ocrx_word' id='word_1_262' title='bbox 847 3960 873 4014; x_wconf 94' lang='lat' dir='ltr'><strong>in</strong></span> <span class='ocrx_word' id='word_1_263' title='bbox 888 3978 947 4017; x_wconf 84' lang='lat' dir='ltr'><strong>ner·</strong></span> 
     </span>
     <span class='ocr_line' id='line_1_42' title="bbox 163 4025 946 4124; baseline 0.036 -43"><span class='ocrx_word' id='word_1_264' title='bbox 163 4043 210 4082; x_wconf 90' lang='lat' dir='ltr'><strong>sos</strong></span> <span class='ocrx_word' id='word_1_265' title='bbox 222 4032 362 4089; x_wconf 77' lang='lat' dir='ltr'><strong>scansione</strong></span> <span class='ocrx_word' id='word_1_266' title='bbox 381 4050 429 4104; x_wconf 89' lang='lat' dir='ltr'><strong>per</strong></span> <span class='ocrx_word' id='word_1_267' title='bbox 447 4041 596 4121; x_wconf 75' lang='lat' dir='ltr'><strong>syneresim</strong></span> <span class='ocrx_word' id='word_1_268' title='bbox 611 4025 642 4098; x_wconf 82' lang='lat' dir='ltr'><strong>et</strong></span> <span class='ocrx_word' id='word_1_269' title='bbox 668 4047 838 4118; x_wconf 74' lang='lat' dir='ltr'><strong>tetrasyllaba</strong></span> <span class='ocrx_word' id='word_1_270' title='bbox 856 4052 946 4124; x_wconf 83' lang='lat' dir='ltr'><strong>trisyl-</strong></span> 
     </span>
     <span class='ocr_line' id='line_1_43' title="bbox 163 4120 947 4206; baseline 0.034 -33"><span class='ocrx_word' id='word_1_271' title='bbox 163 4120 249 4175; x_wconf 87' lang='lat' dir='ltr'><strong>labatu</strong></span> <span class='ocrx_word' id='word_1_272' title='bbox 268 4122 362 4179; x_wconf 87' lang='lat' dir='ltr'><strong>iactam</strong></span> <span class='ocrx_word' id='word_1_273' title='bbox 377 4127 532 4196; x_wconf 88' lang='lat' dir='ltr'><strong>dictionem,</strong></span> <span class='ocrx_word' id='word_1_274' title='bbox 547 4131 582 4186; x_wconf 87' lang='lat' dir='ltr'><strong>ita</strong></span> <span class='ocrx_word' id='word_1_275' title='bbox 598 4135 645 4189; x_wconf 87' lang='lat' dir='ltr'><strong>oti</strong></span> <span class='ocrx_word' id='word_1_276' title='bbox 658 4139 790 4206; x_wconf 79' lang='lat' dir='ltr'><strong>posterior</strong></span> <span class='ocrx_word' id='word_1_277' title='bbox 801 4140 838 4195; x_wconf 88' lang='lat' dir='ltr'><strong>sit</strong></span> <span class='ocrx_word' id='word_1_278' title='bbox 850 4146 947 4199; x_wconf 89' lang='lat' dir='ltr'><strong>conso·</strong></span> 
     </span>
    </p>
   </div>
   <div class='ocr_carea' id='block_1_9' title="bbox 161 4215 872 4374">
    <p class='ocr_par' dir='ltr' id='par_1_26' title="bbox 161 4215 872 4374">
     <span class='ocr_line' id='line_1_44' title="bbox 161 4215 872 4301; baseline 0.037 -38"><span class='ocrx_word' id='word_1_279' title='bbox 161 4225 238 4276; x_wconf 84' lang='lat' dir='ltr'><strong>tratis,</strong></span> <span class='ocrx_word' id='word_1_280' title='bbox 253 4220 281 4266; x_wconf 91' lang='lat' dir='ltr'><strong>ot</strong></span> <span class='ocrx_word' id='word_1_281' title='bbox 294 4215 362 4284; x_wconf 86' lang='lat' dir='ltr'><strong>apud</strong></span> <span class='ocrx_word' id='word_1_282' title='bbox 379 4218 508 4272; x_wconf 83' lang='lat' dir='ltr'><strong>Senecam</strong></span> <span class='ocrx_word' id='word_1_283' title='bbox 525 4223 652 4293; x_wconf 77' lang='lat' dir='ltr'><strong>tragicum</strong></span> <span class='ocrx_word' id='word_1_284' title='bbox 670 4228 697 4282; x_wconf 93' lang='lat' dir='ltr'><strong>iu</strong></span> <span class='ocrx_word' id='word_1_285' title='bbox 713 4229 848 4301; x_wconf 87' lang='lat' dir='ltr'><strong>Sappltico</strong></span> <span class='ocrx_word' id='word_1_286' title='bbox 865 4250 872 4289; x_wconf 71' lang='grc' dir='ltr'>ι</span> 
     </span>
     <span class='ocr_line' id='line_1_45' title="bbox 253 4302 690 4374; baseline 0.034 -22"><span class='ocrx_word' id='word_1_287' title='bbox 253 4302 342 4353; x_wconf 80' lang='lat' dir='ltr'><strong>Cuncta</strong></span> <span class='ocrx_word' id='word_1_288' title='bbox 355 4305 455 4356; x_wconf 88' lang='lat' dir='ltr'><strong>ditilias</strong></span> <span class='ocrx_word' id='word_1_289' title='bbox 463 4313 602 4374; x_wconf 78' lang='lat' dir='ltr'><strong>metuitque</strong></span> <span class='ocrx_word' id='word_1_290' title='bbox 612 4328 690 4367; x_wconf 77' lang='lat' dir='ltr'><strong>ossus.</strong></span> 
     </span>
    </p>
   </div>
   <div class='ocr_carea' id='block_1_10' title="bbox 425 4407 678 4490">
    <p class='ocr_par' dir='ltr' id='par_1_27' title="bbox 425 4407 678 4490">
     <span class='ocr_line' id='line_1_46' title="bbox 425 4407 678 4490; baseline 0.047 -31"><span class='ocrx_word' id='word_1_291' title='bbox 425 4407 458 4490; x_wconf 86' lang='lat' dir='ltr'><strong>tn</strong></span> <span class='ocrx_word' id='word_1_292' title='bbox 477 4409 614 4467; x_wconf 83' lang='lat' dir='ltr'><strong>rnosatt</strong></span> <span class='ocrx_word' id='word_1_293' title='bbox 637 4415 678 4471; x_wconf 88' lang='lat' dir='ltr'><strong>tt.</strong></span> 
     </span>
    </p>
   </div>
   <div class='ocr_carea' id='block_1_11' title="bbox 151 4511 947 5318">
    <p class='ocr_par' dir='ltr' id='par_1_28' title="bbox 151 4511 947 5049">
     <span class='ocr_line' id='line_1_47' title="bbox 194 4511 945 4608; baseline 0.033 -39"><span class='ocrx_word' id='word_1_294' title='bbox 194 4514 250 4570; x_wconf 88' lang='lat' dir='ltr'><strong>liae</strong></span> <span class='ocrx_word' id='word_1_295' title='bbox 268 4511 348 4584; x_wconf 84' lang='lat' dir='ltr'><strong>prosa</strong></span> <span class='ocrx_word' id='word_1_296' title='bbox 364 4516 532 4598; x_wconf 86' lang='lat' dir='ltr'><strong>Pltilosopltia</strong></span> <span class='ocrx_word' id='word_1_297' title='bbox 551 4538 646 4580; x_wconf 86' lang='lat' dir='ltr'><strong>causas</strong></span> <span class='ocrx_word' id='word_1_298' title='bbox 658 4542 751 4586; x_wconf 86' lang='lat' dir='ltr'><strong>eorum</strong></span> <span class='ocrx_word' id='word_1_299' title='bbox 773 4533 862 4590; x_wconf 87' lang='lat' dir='ltr'><strong>reddit</strong></span> <span class='ocrx_word' id='word_1_300' title='bbox 886 4553 945 4608; x_wconf 74' lang='lat' dir='ltr'><strong>quae</strong></span> 
     </span>
     <span class='ocr_line' id='line_1_48' title="bbox 151 4587 945 4686; baseline 0.034 -28"><span class='ocrx_word' id='word_1_301' title='bbox 151 4587 240 4672; x_wconf 58' lang='lat' dir='ltr'><strong>inpia</strong></span> <span class='ocrx_word' id='word_1_302' title='bbox 253 4606 359 4663; x_wconf 90' lang='lat' dir='ltr'><strong>lloetios</strong></span> <span class='ocrx_word' id='word_1_303' title='bbox 375 4611 471 4678; x_wconf 74' lang='lat' dir='ltr'><strong>attigit,</strong></span> <span class='ocrx_word' id='word_1_304' title='bbox 489 4612 592 4681; x_wconf 82' lang='lat' dir='ltr'><strong>sibique</strong></span> <span class='ocrx_word' id='word_1_305' title='bbox 607 4630 685 4686; x_wconf 87' lang='lat' dir='ltr'><strong>sopra</strong></span> <span class='ocrx_word' id='word_1_306' title='bbox 705 4622 812 4679; x_wconf 87' lang='lat' dir='ltr'><strong>modurn</strong></span> <span class='ocrx_word' id='word_1_307' title='bbox 827 4625 945 4684; x_wconf 81' lang='lat' dir='ltr'><strong>miranda</strong></span> 
     </span>
     <span class='ocr_line' id='line_1_49' title="bbox 161 4693 947 4775; baseline 0.036 -29"><span class='ocrx_word' id='word_1_308' title='bbox 161 4693 244 4749; x_wconf 87' lang='lat' dir='ltr'><strong>rideri</strong></span> <span class='ocrx_word' id='word_1_309' title='bbox 257 4697 333 4765; x_wconf 79' lang='lat' dir='ltr'><strong>dixit,</strong></span> <span class='ocrx_word' id='word_1_310' title='bbox 348 4700 398 4755; x_wconf 92' lang='lat' dir='ltr'><strong>nisi</strong></span> <span class='ocrx_word' id='word_1_311' title='bbox 415 4704 482 4758; x_wconf 89' lang='lat' dir='ltr'><strong>ratio</strong></span> <span class='ocrx_word' id='word_1_312' title='bbox 493 4704 717 4773; x_wconf 79' lang='lat' dir='ltr'><strong>deprehendatur.</strong></span> <span class='ocrx_word' id='word_1_313' title='bbox 730 4713 774 4766; x_wconf 86' lang='lat' dir='ltr'><strong>ltit</strong></span> <span class='ocrx_word' id='word_1_314' title='bbox 788 4724 875 4769; x_wconf 89' lang='lat' dir='ltr'><strong>antem</strong></span> <span class='ocrx_word' id='word_1_315' title='bbox 890 4717 947 4775; x_wconf 77' lang='lat' dir='ltr'><strong>buc</strong></span> 
     </span>
     <span class='ocr_line' id='line_1_50' title="bbox 159 4786 946 4872; baseline 0.036 -36"><span class='ocrx_word' id='word_1_316' title='bbox 159 4786 250 4840; x_wconf 89' lang='lat' dir='ltr'><strong>omnia</strong></span> <span class='ocrx_word' id='word_1_317' title='bbox 264 4803 279 4841; x_wconf 88' lang='lat' dir='ltr'><strong>a</strong></span> <span class='ocrx_word' id='word_1_318' title='bbox 293 4789 389 4846; x_wconf 79' lang='lat' dir='ltr'><strong>diuina</strong></span> <span class='ocrx_word' id='word_1_319' title='bbox 411 4793 593 4866; x_wconf 74' lang='lat' dir='ltr'><strong>intelligentie</strong></span> <span class='ocrx_word' id='word_1_320' title='bbox 620 4802 796 4872; x_wconf 80' lang='lat' dir='ltr'><strong>providentis,</strong></span> <span class='ocrx_word' id='word_1_321' title='bbox 819 4821 867 4861; x_wconf 85' lang='lat' dir='ltr'><strong>seo</strong></span> <span class='ocrx_word' id='word_1_322' title='bbox 892 4807 946 4864; x_wconf 69' lang='lat' dir='ltr'><strong>lanto</strong></span> 
     </span>
     <span class='ocr_line' id='line_1_51' title="bbox 158 4884 945 4967; baseline 0.038 -41"><span class='ocrx_word' id='word_1_323' title='bbox 158 4887 317 4943; x_wconf 72' lang='lat' dir='ltr'><strong>progressos</strong></span> <span class='ocrx_word' id='word_1_324' title='bbox 334 4884 505 4951; x_wconf 86' lang='lat' dir='ltr'><strong>soossortiti,</strong></span> <span class='ocrx_word' id='word_1_325' title='bbox 521 4889 624 4958; x_wconf 83' lang='lat' dir='ltr'><strong>etquid</strong></span> <span class='ocrx_word' id='word_1_326' title='bbox 646 4892 717 4949; x_wconf 87' lang='lat' dir='ltr'><strong>iotcr</strong></span> <span class='ocrx_word' id='word_1_327' title='bbox 734 4894 780 4954; x_wconf 84' lang='lat' dir='ltr'><strong>bet</strong></span> <span class='ocrx_word' id='word_1_328' title='bbox 803 4899 945 4967; x_wconf 84' lang='lat' dir='ltr'><strong>providen-</strong></span> 
     </span>
     <span class='ocr_line' id='line_1_52' title="bbox 157 4963 876 5049; baseline 0.043 -31"><span class='ocrx_word' id='word_1_329' title='bbox 157 4963 233 5030; x_wconf 84' lang='lat' dir='ltr'><strong>tiam,</strong></span> <span class='ocrx_word' id='word_1_330' title='bbox 249 4983 280 5024; x_wconf 87' lang='lat' dir='ltr'><strong>ao</strong></span> <span class='ocrx_word' id='word_1_331' title='bbox 296 4969 377 5026; x_wconf 81' lang='lat' dir='ltr'><strong>latoni</strong></span> <span class='ocrx_word' id='word_1_332' title='bbox 393 4973 615 5049; x_wconf 80' lang='lat' dir='ltr'><strong>intersit,docet.</strong></span> <span class='ocrx_word' id='word_1_333' title='bbox 689 4972 691 4975; x_wconf 39' lang='lat'>¹</span> <span class='ocrx_word' id='word_1_334' title='bbox 870 4964 876 4975; x_wconf 42' lang='grc'><strong>’</strong></span> 
     </span>
    </p>

    <p class='ocr_par' dir='ltr' id='par_1_29' title="bbox 194 5053 550 5135">
     <span class='ocr_line' id='line_1_53' title="bbox 194 5053 550 5135; baseline 0.039 -27"><span class='ocrx_word' id='word_1_335' title='bbox 194 5053 244 5110; x_wconf 79' lang='lat' dir='ltr'><strong>Tui</strong></span> <span class='ocrx_word' id='word_1_336' title='bbox 256 5060 386 5135; x_wconf 72' lang='lat' dir='ltr'><strong>arnonis]</strong></span> <span class='ocrx_word' id='word_1_337' title='bbox 397 5064 482 5121; x_wconf 83' lang='lat' dir='ltr'><strong>ottteit</strong></span> <span class='ocrx_word' id='word_1_338' title='bbox 503 5070 550 5124; x_wconf 89' lang='lat' dir='ltr'><strong>tol.</strong></span> 
     </span>
    </p>

    <p class='ocr_par' dir='ltr' id='par_1_30' title="bbox 190 5144 482 5223">
     <span class='ocr_line' id='line_1_54' title="bbox 190 5144 482 5223; baseline 0.051 -24"><span class='ocrx_word' id='word_1_339' title='bbox 190 5144 328 5223; x_wconf 80' lang='lat' dir='ltr'><strong>Evolvere]</strong></span> <span class='ocrx_word' id='word_1_340' title='bbox 341 5153 482 5215; x_wconf 84' lang='lat' dir='ltr'><strong>Excutere.</strong></span> 
     </span>
    </p>

    <p class='ocr_par' dir='ltr' id='par_1_31' title="bbox 196 5239 473 5318">
     <span class='ocr_line' id='line_1_55' title="bbox 196 5239 473 5318; baseline 0.058 -24"><span class='ocrx_word' id='word_1_341' title='bbox 196 5239 314 5318; x_wconf 71' lang='lat' dir='ltr'><strong>Volutet]</strong></span> <span class='ocrx_word' id='word_1_342' title='bbox 328 5249 473 5309; x_wconf 81' lang='lat' dir='ltr'><strong>Obductas.</strong></span> 
     </span>
    </p>
   </div>
   <div class='ocr_carea' id='block_1_12' title="bbox 190 5331 641 5418">
    <p class='ocr_par' dir='ltr' id='par_1_32' title="bbox 190 5331 641 5418">
     <span class='ocr_line' id='line_1_56' title="bbox 190 5331 641 5418; baseline 0.051 -31"><span class='ocrx_word' id='word_1_343' title='bbox 190 5331 322 5412; x_wconf 77' lang='lat' dir='ltr'><strong>Colipinr]</strong></span> <span class='ocrx_word' id='word_1_344' title='bbox 332 5341 460 5401; x_wconf 82' lang='lat' dir='ltr'><strong>Tenebris</strong></span> <span class='ocrx_word' id='word_1_345' title='bbox 475 5346 641 5418; x_wconf 72' lang='lat' dir='ltr'><strong>ignorantiae.</strong></span> 
     </span>
    </p>
   </div>
   <div class='ocr_carea' id='block_1_13' title="bbox 1069 996 1789 1133">
    <p class='ocr_par' dir='ltr' id='par_1_33' title="bbox 1069 996 1789 1133">
     <span class='ocr_line' id='line_1_57' title="bbox 1069 996 1789 1072; baseline 0 -15"><span class='ocrx_word' id='word_1_346' title='bbox 1069 1008 1130 1068; x_wconf 71' lang='lat' dir='ltr'><strong>one</strong></span> <span class='ocrx_word' id='word_1_347' title='bbox 1139 1022 1180 1069; x_wconf 72' lang='lat' dir='ltr'><strong>nne</strong></span> <span class='ocrx_word' id='word_1_348' title='bbox 1191 996 1343 1057; x_wconf 82' lang='lat' dir='ltr'><strong>redundabat</strong></span> <span class='ocrx_word' id='word_1_349' title='bbox 1354 996 1459 1058; x_wconf 77' lang='lat' dir='ltr'><strong>ineundo</strong></span> <span class='ocrx_word' id='word_1_350' title='bbox 1468 1007 1570 1058; x_wconf 85' lang='lat' dir='ltr'><strong>vulnere</strong></span> <span class='ocrx_word' id='word_1_351' title='bbox 1582 1020 1686 1072; x_wconf 83' lang='lat' dir='ltr'><strong>serpens</strong></span> <span class='ocrx_word' id='word_1_352' title='bbox 1787 1035 1789 1039; x_wconf 94' lang='lat'>·</span> 
     </span>
     <span class='ocr_line' id='line_1_58' title="bbox 1100 1069 1608 1133; baseline 0 -14"><span class='ocrx_word' id='word_1_353' title='bbox 1100 1069 1210 1133; x_wconf 83' lang='lat' dir='ltr'><strong>Fertilis,</strong></span> <span class='ocrx_word' id='word_1_354' title='bbox 1222 1079 1248 1122; x_wconf 89' lang='lat' dir='ltr'><strong>et</strong></span> <span class='ocrx_word' id='word_1_355' title='bbox 1258 1071 1352 1120; x_wconf 79' lang='lat' dir='ltr'><strong>danrnts</strong></span> <span class='ocrx_word' id='word_1_356' title='bbox 1362 1070 1433 1120; x_wconf 84' lang='lat' dir='ltr'><strong>ditos</strong></span> <span class='ocrx_word' id='word_1_357' title='bbox 1446 1073 1476 1118; x_wconf 88' lang='lat' dir='ltr'><strong>ab</strong></span> <span class='ocrx_word' id='word_1_358' title='bbox 1489 1073 1540 1133; x_wconf 86' lang='lat' dir='ltr'><strong>ipa</strong></span> <span class='ocrx_word' id='word_1_359' title='bbox 1550 1073 1608 1120; x_wconf 83' lang='lat' dir='ltr'><strong>suis.</strong></span> 
     </span>
    </p>
   </div>
   <div class='ocr_carea' id='block_1_14' title="bbox 1006 1195 1270 1266">
    <p class='ocr_par' dir='ltr' id='par_1_34' title="bbox 1006 1195 1270 1266">
     <span class='ocr_line' id='line_1_59' title="bbox 1006 1195 1270 1266; baseline -0.004 -13"><span class='ocrx_word' id='word_1_360' title='bbox 1006 1195 1108 1253; x_wconf 81' lang='lat' dir='ltr'><strong>Seneca</strong></span> <span class='ocrx_word' id='word_1_361' title='bbox 1122 1196 1270 1266; x_wconf 77' lang='lat' dir='ltr'><strong>Tragicos:</strong></span> 
     </span>
    </p>
   </div>
   <div class='ocr_carea' id='block_1_15' title="bbox 1068 1305 1702 1432">
    <p class='ocr_par' dir='ltr' id='par_1_35' title="bbox 1068 1305 1702 1432">
     <span class='ocr_line' id='line_1_60' title="bbox 1068 1305 1702 1368; baseline -0.006 -10"><span class='ocrx_word' id='word_1_362' title='bbox 1068 1308 1131 1368; x_wconf 85' lang='lat' dir='ltr'><strong>Ouid</strong></span> <span class='ocrx_word' id='word_1_363' title='bbox 1143 1321 1204 1357; x_wconf 83' lang='lat' dir='ltr'><strong>saera</strong></span> <span class='ocrx_word' id='word_1_364' title='bbox 1219 1307 1305 1359; x_wconf 74' lang='lat' dir='ltr'><strong>terna</strong></span> <span class='ocrx_word' id='word_1_365' title='bbox 1316 1316 1422 1358; x_wconf 84' lang='lat' dir='ltr'><strong>monstra</strong></span> <span class='ocrx_word' id='word_1_366' title='bbox 1435 1319 1591 1356; x_wconf 85' lang='lat' dir='ltr'><strong>numerosum</strong></span> <span class='ocrx_word' id='word_1_367' title='bbox 1605 1305 1702 1368; x_wconf 86' lang='lat' dir='ltr'><strong>malum,</strong></span> 
     </span>
     <span class='ocr_line' id='line_1_61' title="bbox 1099 1367 1639 1432; baseline -0.004 -14"><span class='ocrx_word' id='word_1_368' title='bbox 1099 1370 1151 1418; x_wconf 81' lang='lat' dir='ltr'><strong>litio</strong></span> <span class='ocrx_word' id='word_1_369' title='bbox 1162 1371 1221 1432; x_wconf 73' lang='lat' dir='ltr'><strong>igne</strong></span> <span class='ocrx_word' id='word_1_370' title='bbox 1232 1371 1330 1418; x_wconf 90' lang='lat' dir='ltr'><strong>detootn</strong></span> <span class='ocrx_word' id='word_1_371' title='bbox 1343 1371 1411 1428; x_wconf 84' lang='lat' dir='ltr'><strong>vicit,</strong></span> <span class='ocrx_word' id='word_1_372' title='bbox 1423 1375 1450 1419; x_wconf 89' lang='lat' dir='ltr'><strong>et</strong></span> <span class='ocrx_word' id='word_1_373' title='bbox 1460 1368 1545 1419; x_wconf 73' lang='lat' dir='ltr'><strong>dodun</strong></span> <span class='ocrx_word' id='word_1_374' title='bbox 1559 1367 1639 1418; x_wconf 82' lang='lat' dir='ltr'><strong>morit</strong></span> 
     </span>
    </p>
   </div>
   <div class='ocr_carea' id='block_1_16' title="bbox 1005 1467 1793 1722">
    <p class='ocr_par' dir='ltr' id='par_1_36' title="bbox 1005 1467 1793 1722">
     <span class='ocr_line' id='line_1_62' title="bbox 1006 1467 1793 1542; baseline -0.001 -18"><span class='ocrx_word' id='word_1_375' title='bbox 1006 1470 1118 1538; x_wconf 83' lang='lat' dir='ltr'><strong>Quidam</strong></span> <span class='ocrx_word' id='word_1_376' title='bbox 1131 1471 1252 1526; x_wconf 85' lang='lat' dir='ltr'><strong>scribunt</strong></span> <span class='ocrx_word' id='word_1_377' title='bbox 1264 1470 1375 1542; x_wconf 74' lang='lat' dir='ltr'><strong>bpdraut</strong></span> <span class='ocrx_word' id='word_1_378' title='bbox 1390 1473 1415 1525; x_wconf 93' lang='lat' dir='ltr'><strong>io</strong></span> <span class='ocrx_word' id='word_1_379' title='bbox 1428 1471 1512 1527; x_wconf 88' lang='lat' dir='ltr'><strong>Lerna</strong></span> <span class='ocrx_word' id='word_1_380' title='bbox 1527 1471 1685 1541; x_wconf 73' lang='lat' dir='ltr'><strong>Argivorum</strong></span> <span class='ocrx_word' id='word_1_381' title='bbox 1696 1467 1793 1538; x_wconf 85' lang='lat' dir='ltr'><strong>paiotls</strong></span> 
     </span>
     <span class='ocr_line' id='line_1_63' title="bbox 1005 1560 1793 1633; baseline -0.005 -15"><span class='ocrx_word' id='word_1_382' title='bbox 1005 1560 1150 1628; x_wconf 79' lang='lat' dir='ltr'><strong>exstitisse,</strong></span> <span class='ocrx_word' id='word_1_383' title='bbox 1165 1576 1247 1631; x_wconf 80' lang='lat' dir='ltr'><strong>aquas</strong></span> <span class='ocrx_word' id='word_1_384' title='bbox 1266 1573 1448 1630; x_wconf 79' lang='lat' dir='ltr'><strong>evomentem,</strong></span> <span class='ocrx_word' id='word_1_385' title='bbox 1462 1576 1521 1633; x_wconf 76' lang='lat' dir='ltr'><strong>oue</strong></span> <span class='ocrx_word' id='word_1_386' title='bbox 1534 1561 1673 1616; x_wconf 75' lang='lat' dir='ltr'><strong>vastabant</strong></span> <span class='ocrx_word' id='word_1_387' title='bbox 1692 1560 1793 1615; x_wconf 73' lang='lat' dir='ltr'><strong>ticinae</strong></span> 
     </span>
     <span class='ocr_line' id='line_1_64' title="bbox 1005 1646 1792 1722; baseline -0.005 -13"><span class='ocrx_word' id='word_1_388' title='bbox 1005 1651 1136 1715; x_wconf 81' lang='lat' dir='ltr'><strong>ciuitates,</strong></span> <span class='ocrx_word' id='word_1_389' title='bbox 1158 1651 1185 1707; x_wconf 92' lang='lat' dir='ltr'><strong>in</strong></span> <span class='ocrx_word' id='word_1_390' title='bbox 1198 1666 1249 1722; x_wconf 82' lang='lat' dir='ltr'><strong>qua</strong></span> <span class='ocrx_word' id='word_1_391' title='bbox 1275 1668 1328 1707; x_wconf 90' lang='lat' dir='ltr'><strong>noo</strong></span> <span class='ocrx_word' id='word_1_392' title='bbox 1352 1661 1439 1708; x_wconf 86' lang='lat' dir='ltr'><strong>meatu</strong></span> <span class='ocrx_word' id='word_1_393' title='bbox 1454 1655 1555 1717; x_wconf 86' lang='lat' dir='ltr'><strong>clausu,</strong></span> <span class='ocrx_word' id='word_1_394' title='bbox 1572 1650 1648 1707; x_wconf 86' lang='lat' dir='ltr'><strong>molti</strong></span> <span class='ocrx_word' id='word_1_395' title='bbox 1668 1646 1792 1721; x_wconf 80' lang='lat' dir='ltr'><strong>erumpe-</strong></span> 
     </span>
    </p>
   </div>
   <div class='ocr_carea' id='block_1_17' title="bbox 968 1741 1795 1839">
    <p class='ocr_par' dir='ltr' id='par_1_37' title="bbox 968 1741 1795 1839">
     <span class='ocr_line' id='line_1_65' title="bbox 968 1741 1795 1839; baseline 0.001 -41"><span class='ocrx_word' id='word_1_396' title='bbox 968 1741 1079 1839; x_wconf 78' lang='lat' dir='ltr'><strong>Bbant.</strong></span> <span class='ocrx_word' id='word_1_397' title='bbox 1094 1742 1169 1810; x_wconf 84' lang='lat' dir='ltr'><strong>Quod</strong></span> <span class='ocrx_word' id='word_1_398' title='bbox 1186 1742 1316 1799; x_wconf 79' lang='lat' dir='ltr'><strong>Hercules</strong></span> <span class='ocrx_word' id='word_1_399' title='bbox 1340 1743 1450 1808; x_wconf 80' lang='lat' dir='ltr'><strong>tideus,</strong></span> <span class='ocrx_word' id='word_1_400' title='bbox 1466 1743 1523 1799; x_wconf 82' lang='lat' dir='ltr'><strong>loeo</strong></span> <span class='ocrx_word' id='word_1_401' title='bbox 1546 1743 1602 1812; x_wconf 89' lang='lat' dir='ltr'><strong>ipsa</strong></span> <span class='ocrx_word' id='word_1_402' title='bbox 1626 1743 1747 1810; x_wconf 78' lang='lat' dir='ltr'><strong>exussit,</strong></span> <span class='ocrx_word' id='word_1_403' title='bbox 1764 1751 1795 1799; x_wconf 82' lang='lat' dir='ltr'><strong>et</strong></span> 
     </span>
    </p>
   </div>
   <div class='ocr_carea' id='block_1_18' title="bbox 1002 1832 1796 2269">
    <p class='ocr_par' dir='ltr' id='par_1_38' title="bbox 1002 1832 1796 2269">
     <span class='ocr_line' id='line_1_66' title="bbox 1002 1832 1790 1904; baseline -0.004 -15"><span class='ocrx_word' id='word_1_404' title='bbox 1002 1832 1043 1889; x_wconf 87' lang='lat' dir='ltr'><strong>tic</strong></span> <span class='ocrx_word' id='word_1_405' title='bbox 1068 1848 1144 1903; x_wconf 75' lang='lat' dir='ltr'><strong>attona</strong></span> <span class='ocrx_word' id='word_1_406' title='bbox 1169 1843 1272 1889; x_wconf 87' lang='lat' dir='ltr'><strong>meaios</strong></span> <span class='ocrx_word' id='word_1_407' title='bbox 1293 1834 1398 1889; x_wconf 86' lang='lat' dir='ltr'><strong>elausit.</strong></span> <span class='ocrx_word' id='word_1_408' title='bbox 1424 1833 1548 1890; x_wconf 78' lang='lat' dir='ltr'><strong>Socrates</strong></span> <span class='ocrx_word' id='word_1_409' title='bbox 1571 1835 1599 1888; x_wconf 92' lang='lat' dir='ltr'><strong>in</strong></span> <span class='ocrx_word' id='word_1_410' title='bbox 1622 1832 1790 1904; x_wconf 76' lang='lat' dir='ltr'><strong>Eotltydemo</strong></span> 
     </span>
     <span class='ocr_line' id='line_1_67' title="bbox 1003 1921 1796 1995; baseline 0 -17"><span class='ocrx_word' id='word_1_411' title='bbox 1003 1921 1161 1979; x_wconf 81' lang='lat' dir='ltr'><strong>Platonico:</strong></span> <span class='ocrx_word' id='word_1_412' title='bbox 1178 1922 1293 1980; x_wconf 87' lang='lat' dir='ltr'><strong>iiercole</strong></span> <span class='ocrx_word' id='word_1_413' title='bbox 1312 1926 1419 1995; x_wconf 83' lang='lat' dir='ltr'><strong>quidem</strong></span> <span class='ocrx_word' id='word_1_414' title='bbox 1442 1926 1596 1980; x_wconf 86' lang='lat' dir='ltr'><strong>multotum</strong></span> <span class='ocrx_word' id='word_1_415' title='bbox 1617 1925 1796 1992; x_wconf 70' lang='lat' dir='ltr'><strong>imbecillior,</strong></span> 
     </span>
     <span class='ocr_line' id='line_1_68' title="bbox 1002 2017 1794 2092; baseline 0.003 -22"><span class='ocrx_word' id='word_1_416' title='bbox 1002 2018 1047 2086; x_wconf 82' lang='lat' dir='ltr'><strong>qui</strong></span> <span class='ocrx_word' id='word_1_417' title='bbox 1061 2031 1179 2088; x_wconf 73' lang='lat' dir='ltr'><strong>pugnare</strong></span> <span class='ocrx_word' id='word_1_418' title='bbox 1191 2017 1272 2074; x_wconf 90' lang='lat' dir='ltr'><strong>simol</strong></span> <span class='ocrx_word' id='word_1_419' title='bbox 1294 2034 1346 2074; x_wconf 88' lang='lat' dir='ltr'><strong>nott</strong></span> <span class='ocrx_word' id='word_1_420' title='bbox 1361 2019 1444 2074; x_wconf 83' lang='lat' dir='ltr'><strong>naluit</strong></span> <span class='ocrx_word' id='word_1_421' title='bbox 1461 2020 1591 2074; x_wconf 79' lang='lat' dir='ltr'><strong>adversos</strong></span> <span class='ocrx_word' id='word_1_422' title='bbox 1613 2019 1724 2092; x_wconf 76' lang='lat' dir='ltr'><strong>lrydram</strong></span> <span class='ocrx_word' id='word_1_423' title='bbox 1746 2032 1794 2072; x_wconf 48' lang='lat' dir='ltr'><strong>soz</strong></span> 
     </span>
     <span class='ocr_line' id='line_1_69' title="bbox 1002 2105 1789 2178; baseline 0.001 -18"><span class='ocrx_word' id='word_1_424' title='bbox 1002 2105 1154 2177; x_wconf 83' lang='lat' dir='ltr'><strong>phistlcarn,</strong></span> <span class='ocrx_word' id='word_1_425' title='bbox 1166 2108 1209 2162; x_wconf 88' lang='lat' dir='ltr'><strong>eni</strong></span> <span class='ocrx_word' id='word_1_426' title='bbox 1222 2118 1332 2178; x_wconf 91' lang='lat' dir='ltr'><strong>propter</strong></span> <span class='ocrx_word' id='word_1_427' title='bbox 1344 2108 1502 2177; x_wconf 86' lang='lat' dir='ltr'><strong>sapientiam</strong></span> <span class='ocrx_word' id='word_1_428' title='bbox 1520 2122 1568 2178; x_wconf 92' lang='lat' dir='ltr'><strong>pro</strong></span> <span class='ocrx_word' id='word_1_429' title='bbox 1588 2123 1642 2162; x_wconf 87' lang='lat' dir='ltr'><strong>otto</strong></span> <span class='ocrx_word' id='word_1_430' title='bbox 1656 2107 1789 2163; x_wconf 81' lang='lat' dir='ltr'><strong>scrutaris</strong></span> 
     </span>
     <span class='ocr_line' id='line_1_70' title="bbox 1005 2196 1789 2269; baseline -0.004 -15"><span class='ocrx_word' id='word_1_431' title='bbox 1005 2200 1095 2269; x_wconf 86' lang='lat' dir='ltr'><strong>eapite</strong></span> <span class='ocrx_word' id='word_1_432' title='bbox 1110 2207 1260 2268; x_wconf 85' lang='lat' dir='ltr'><strong>amputato,</strong></span> <span class='ocrx_word' id='word_1_433' title='bbox 1276 2201 1357 2255; x_wconf 93' lang='lat' dir='ltr'><strong>molta</strong></span> <span class='ocrx_word' id='word_1_434' title='bbox 1376 2198 1591 2269; x_wconf 80' lang='lat' dir='ltr'><strong>repullulabunt:</strong></span> <span class='ocrx_word' id='word_1_435' title='bbox 1603 2199 1729 2253; x_wconf 78' lang='lat' dir='ltr'><strong>ucetiam</strong></span> <span class='ocrx_word' id='word_1_436' title='bbox 1744 2196 1789 2251; x_wconf 87' lang='lat' dir='ltr'><strong>a&#39;d·</strong></span> 
     </span>
    </p>
   </div>
   <div class='ocr_carea' id='block_1_19' title="bbox 906 2285 1789 2363">
    <p class='ocr_par' dir='ltr' id='par_1_39' title="bbox 906 2285 1789 2363">
     <span class='ocr_line' id='line_1_71' title="bbox 906 2285 1789 2363; baseline -0.005 -20"><span class='ocrx_word' id='word_1_437' title='bbox 906 2307 912 2320; x_wconf 66' lang='lat'><em>⁴</em></span> <span class='ocrx_word' id='word_1_438' title='bbox 1003 2301 1095 2343; x_wconf 84' lang='lat' dir='ltr'><strong>rersus</strong></span> <span class='ocrx_word' id='word_1_439' title='bbox 1106 2285 1241 2360; x_wconf 82' lang='lat' dir='ltr'><strong>Cancrum</strong></span> <span class='ocrx_word' id='word_1_440' title='bbox 1253 2288 1400 2363; x_wconf 82' lang='lat' dir='ltr'><strong>sopbittaru</strong></span> <span class='ocrx_word' id='word_1_441' title='bbox 1414 2287 1554 2358; x_wconf 78' lang='lat' dir='ltr'><strong>quomdam</strong></span> <span class='ocrx_word' id='word_1_442' title='bbox 1566 2302 1601 2342; x_wconf 84' lang='lat' dir='ltr'><strong>et</strong></span> <span class='ocrx_word' id='word_1_443' title='bbox 1613 2288 1679 2342; x_wconf 85' lang='lat' dir='ltr'><strong>mari</strong></span> <span class='ocrx_word' id='word_1_444' title='bbox 1690 2286 1789 2342; x_wconf 66' lang='lat' dir='ltr'><strong>adrer-</strong></span> 
     </span>
    </p>
   </div>
   <div class='ocr_carea' id='block_1_20' title="bbox 1000 2379 1817 3536">
    <p class='ocr_par' dir='ltr' id='par_1_40' title="bbox 1001 2379 1817 2723">
     <span class='ocr_line' id='line_1_72' title="bbox 1002 2379 1788 2452; baseline 0 -21"><span class='ocrx_word' id='word_1_445' title='bbox 1002 2386 1114 2443; x_wconf 85' lang='lat' dir='ltr'><strong>tatttem,</strong></span> <span class='ocrx_word' id='word_1_446' title='bbox 1124 2388 1152 2435; x_wconf 91' lang='lat' dir='ltr'><strong>et</strong></span> <span class='ocrx_word' id='word_1_447' title='bbox 1167 2379 1308 2452; x_wconf 81' lang='lat' dir='ltr'><strong>ooperlut</strong></span> <span class='ocrx_word' id='word_1_448' title='bbox 1322 2379 1454 2452; x_wconf 88' lang='lat' dir='ltr'><strong>arbitror)</strong></span> <span class='ocrx_word' id='word_1_449' title='bbox 1463 2379 1606 2435; x_wconf 79' lang='lat' dir='ltr'><strong>adsertam</strong></span> <span class='ocrx_word' id='word_1_450' title='bbox 1617 2379 1692 2446; x_wconf 86' lang='lat' dir='ltr'><strong>uani,</strong></span> <span class='ocrx_word' id='word_1_451' title='bbox 1708 2390 1788 2449; x_wconf 80' lang='lat' dir='ltr'><strong>aquo</strong></span> 
     </span>
     <span class='ocr_line' id='line_1_73' title="bbox 1001 2467 1795 2540; baseline -0.004 -16"><span class='ocrx_word' id='word_1_452' title='bbox 1001 2483 1062 2524; x_wconf 86' lang='lat' dir='ltr'><strong>eum</strong></span> <span class='ocrx_word' id='word_1_453' title='bbox 1077 2468 1205 2525; x_wconf 87' lang='lat' dir='ltr'><strong>ilercules</strong></span> <span class='ocrx_word' id='word_1_454' title='bbox 1215 2470 1248 2525; x_wconf 88' lang='lat' dir='ltr'><strong>ad</strong></span> <span class='ocrx_word' id='word_1_455' title='bbox 1259 2470 1395 2526; x_wconf 89' lang='lat' dir='ltr'><strong>sinistram</strong></span> <span class='ocrx_word' id='word_1_456' title='bbox 1407 2467 1708 2540; x_wconf 65' lang='lat' dir='ltr'><strong>argentinensium</strong></span> <span class='ocrx_word' id='word_1_457' title='bbox 1721 2467 1795 2521; x_wconf 75' lang='lat' dir='ltr'><strong>acri-¹</strong></span> 
     </span>
     <span class='ocr_line' id='line_1_74' title="bbox 1001 2553 1817 2631; baseline -0.006 -13"><span class='ocrx_word' id='word_1_458' title='bbox 1001 2569 1043 2618; x_wconf 90' lang='lat' dir='ltr'><strong>ter</strong></span> <span class='ocrx_word' id='word_1_459' title='bbox 1055 2558 1235 2630; x_wconf 90' lang='lat' dir='ltr'><strong>morderetur,</strong></span> <span class='ocrx_word' id='word_1_460' title='bbox 1249 2562 1355 2631; x_wconf 87' lang='lat' dir='ltr'><strong>nepotis</strong></span> <span class='ocrx_word' id='word_1_461' title='bbox 1372 2561 1414 2617; x_wconf 90' lang='lat' dir='ltr'><strong>soi</strong></span> <span class='ocrx_word' id='word_1_462' title='bbox 1436 2560 1502 2618; x_wconf 90' lang='lat' dir='ltr'><strong>loiai</strong></span> <span class='ocrx_word' id='word_1_463' title='bbox 1515 2560 1643 2617; x_wconf 85' lang='lat' dir='ltr'><strong>totiliom</strong></span> <span class='ocrx_word' id='word_1_464' title='bbox 1664 2553 1788 2629; x_wconf 82' lang='lat' dir='ltr'><strong>implora·</strong></span> <span class='ocrx_word' id='word_1_465' title='bbox 1814 2556 1817 2563; x_wconf 83' lang='grc'><strong>“</strong></span> 
     </span>
     <span class='ocr_line' id='line_1_75' title="bbox 1001 2651 1502 2723; baseline -0.008 -15"><span class='ocrx_word' id='word_1_466' title='bbox 1001 2651 1049 2720; x_wconf 87' lang='lat' dir='ltr'><strong>rit,</strong></span> <span class='ocrx_word' id='word_1_467' title='bbox 1064 2653 1109 2723; x_wconf 81' lang='lat' dir='ltr'><strong>qui</strong></span> <span class='ocrx_word' id='word_1_468' title='bbox 1120 2659 1291 2722; x_wconf 85' lang='lat' dir='ltr'><strong>summopere</strong></span> <span class='ocrx_word' id='word_1_469' title='bbox 1305 2651 1341 2708; x_wconf 92' lang='lat' dir='ltr'><strong>illi</strong></span> <span class='ocrx_word' id='word_1_470' title='bbox 1356 2652 1502 2707; x_wconf 84' lang='lat' dir='ltr'><strong>succurrit.</strong></span> 
     </span>
    </p>

    <p class='ocr_par' dir='ltr' id='par_1_41' title="bbox 1036 2741 1501 2815">
     <span class='ocr_line' id='line_1_76' title="bbox 1036 2741 1501 2815; baseline 0.009 -19"><span class='ocrx_word' id='word_1_471' title='bbox 1036 2742 1130 2797; x_wconf 80' lang='lat' dir='ltr'><strong>dietatis</strong></span> <span class='ocrx_word' id='word_1_472' title='bbox 1152 2741 1501 2815; x_wconf 74' lang='lat' dir='ltr'><strong>tpne]totetteetosotpoe.</strong></span> 
     </span>
    </p>

    <p class='ocr_par' dir='ltr' id='par_1_42' title="bbox 1035 2828 1609 2904">
     <span class='ocr_line' id='line_1_77' title="bbox 1035 2828 1609 2904; baseline 0.002 -19"><span class='ocrx_word' id='word_1_473' title='bbox 1035 2828 1069 2886; x_wconf 84' lang='lat' dir='ltr'><strong>in</strong></span> <span class='ocrx_word' id='word_1_474' title='bbox 1083 2830 1145 2904; x_wconf 82' lang='lat' dir='ltr'><strong>dne]</strong></span> <span class='ocrx_word' id='word_1_475' title='bbox 1159 2833 1230 2888; x_wconf 85' lang='lat' dir='ltr'><strong>blato</strong></span> <span class='ocrx_word' id='word_1_476' title='bbox 1245 2831 1281 2887; x_wconf 92' lang='lat' dir='ltr'><strong>ia.</strong></span> <span class='ocrx_word' id='word_1_477' title='bbox 1600 2832 1609 2840; x_wconf 80' lang='grc'><strong>“</strong></span> 
     </span>
    </p>

    <p class='ocr_par' dir='ltr' id='par_1_43' title="bbox 1000 2919 1794 3174">
     <span class='ocr_line' id='line_1_78' title="bbox 1038 2919 1794 2996; baseline -0.013 -18"><span class='ocrx_word' id='word_1_478' title='bbox 1038 2921 1077 2978; x_wconf 75' lang='lat' dir='ltr'><strong>tle</strong></span> <span class='ocrx_word' id='word_1_479' title='bbox 1086 2923 1250 2994; x_wconf 70' lang='lat' dir='ltr'><strong>prouidentia</strong></span> <span class='ocrx_word' id='word_1_480' title='bbox 1261 2923 1439 2996; x_wconf 76' lang='lat' dir='ltr'><strong>rimplt&#39;citote]</strong></span> <span class='ocrx_word' id='word_1_481' title='bbox 1447 2923 1568 2991; x_wconf 80' lang='lat' dir='ltr'><strong>Quinooc</strong></span> <span class='ocrx_word' id='word_1_482' title='bbox 1579 2919 1738 2990; x_wconf 73' lang='lat' dir='ltr'><strong>utttestiones</strong></span> <span class='ocrx_word' id='word_1_483' title='bbox 1746 2932 1794 2974; x_wconf 54' lang='lat' dir='ltr'><strong>tum.</strong></span> 
     </span>
     <span class='ocr_line' id='line_1_79' title="bbox 1000 3011 1786 3093; baseline -0.003 -25"><span class='ocrx_word' id='word_1_484' title='bbox 1000 3021 1102 3081; x_wconf 82' lang='lat' dir='ltr'><strong>censet,</strong></span> <span class='ocrx_word' id='word_1_485' title='bbox 1117 3028 1217 3084; x_wconf 83' lang='lat' dir='ltr'><strong>easque</strong></span> <span class='ocrx_word' id='word_1_486' title='bbox 1234 3015 1449 3082; x_wconf 81' lang='lat' dir='ltr'><strong>obscurissimas,</strong></span> <span class='ocrx_word' id='word_1_487' title='bbox 1464 3025 1491 3071; x_wconf 88' lang='lat' dir='ltr'><strong>et</strong></span> <span class='ocrx_word' id='word_1_488' title='bbox 1507 3028 1640 3093; x_wconf 65' lang='lat' dir='ltr'><strong>rintuapuaor</strong></span> <span class='ocrx_word' id='word_1_489' title='bbox 1656 3011 1721 3067; x_wconf 79' lang='lat' dir='ltr'><strong>tatis</strong></span> <span class='ocrx_word' id='word_1_490' title='bbox 1739 3024 1786 3067; x_wconf 84' lang='lat' dir='ltr'><strong>ea·</strong></span> 
     </span>
     <span class='ocr_line' id='line_1_80' title="bbox 1001 3103 1697 3174; baseline 0.001 -18"><span class='ocrx_word' id='word_1_491' title='bbox 1001 3103 1112 3172; x_wconf 74' lang='lat' dir='ltr'><strong>plieaas</strong></span> <span class='ocrx_word' id='word_1_492' title='bbox 1122 3144 1130 3169; x_wconf 86' lang='lat'><strong>,</strong></span> <span class='ocrx_word' id='word_1_493' title='bbox 1142 3103 1174 3160; x_wconf 89' lang='lat' dir='ltr'><strong>td</strong></span> <span class='ocrx_word' id='word_1_494' title='bbox 1189 3104 1354 3174; x_wconf 89' lang='lat' dir='ltr'><strong>propositam</strong></span> <span class='ocrx_word' id='word_1_495' title='bbox 1369 3105 1507 3161; x_wconf 89' lang='lat' dir='ltr'><strong>materiam</strong></span> <span class='ocrx_word' id='word_1_496' title='bbox 1521 3103 1697 3174; x_wconf 85' lang='lat' dir='ltr'><strong>pertinentes.</strong></span> 
     </span>
    </p>

    <p class='ocr_par' dir='ltr' id='par_1_44' title="bbox 1000 3190 1786 3353">
     <span class='ocr_line' id='line_1_81' title="bbox 1037 3190 1786 3273; baseline -0.004 -25"><span class='ocrx_word' id='word_1_497' title='bbox 1037 3191 1090 3248; x_wconf 84' lang='lat' dir='ltr'><strong>Sed</strong></span> <span class='ocrx_word' id='word_1_498' title='bbox 1102 3194 1221 3265; x_wconf 76' lang='lat' dir='ltr'><strong>nunnioni</strong></span> <span class='ocrx_word' id='word_1_499' title='bbox 1235 3195 1288 3249; x_wconf 82' lang='lat' dir='ltr'><strong>brec</strong></span> <span class='ocrx_word' id='word_1_500' title='bbox 1299 3193 1558 3267; x_wconf 78' lang='lat' dir='ltr'><strong>qaoqae1Promittit</strong></span> <span class='ocrx_word' id='word_1_501' title='bbox 1570 3190 1738 3273; x_wconf 72' lang='lat' dir='ltr'><strong>Plrilotnpbit</strong></span> <span class='ocrx_word' id='word_1_502' title='bbox 1755 3203 1786 3245; x_wconf 84' lang='lat' dir='ltr'><strong>se</strong></span> 
     </span>
     <span class='ocr_line' id='line_1_82' title="bbox 1000 3280 1468 3353; baseline 0.002 -16"><span class='ocrx_word' id='word_1_503' title='bbox 1000 3280 1191 3352; x_wconf 82' lang='lat' dir='ltr'><strong>etplicatoram</strong></span> <span class='ocrx_word' id='word_1_504' title='bbox 1204 3282 1242 3340; x_wconf 91' lang='lat' dir='ltr'><strong>rei</strong></span> <span class='ocrx_word' id='word_1_505' title='bbox 1257 3283 1347 3353; x_wconf 81' lang='lat' dir='ltr'><strong>petita</strong></span> <span class='ocrx_word' id='word_1_506' title='bbox 1362 3297 1468 3339; x_wconf 85' lang='lat' dir='ltr'><strong>cantas.</strong></span> 
     </span>
    </p>

    <p class='ocr_par' dir='ltr' id='par_1_45' title="bbox 1037 3369 1464 3442">
     <span class='ocr_line' id='line_1_83' title="bbox 1037 3369 1464 3442; baseline 0 -16"><span class='ocrx_word' id='word_1_507' title='bbox 1037 3369 1127 3442; x_wconf 76' lang='lat' dir='ltr'><strong>Septi]</strong></span> <span class='ocrx_word' id='word_1_508' title='bbox 1140 3369 1304 3426; x_wconf 85' lang='lat' dir='ltr'><strong>circumdati</strong></span> <span class='ocrx_word' id='word_1_509' title='bbox 1319 3378 1347 3426; x_wconf 93' lang='lat' dir='ltr'><strong>ttt</strong></span> <span class='ocrx_word' id='word_1_510' title='bbox 1361 3383 1388 3427; x_wconf 88' lang='lat' dir='ltr'><strong>et</strong></span> <span class='ocrx_word' id='word_1_511' title='bbox 1402 3386 1464 3442; x_wconf 69' lang='lat' dir='ltr'><strong>ego.</strong></span> 
     </span>
    </p>

    <p class='ocr_par' dir='ltr' id='par_1_46' title="bbox 1036 3459 1785 3536">
     <span class='ocr_line' id='line_1_84' title="bbox 1036 3459 1785 3536; baseline -0.007 -18"><span class='ocrx_word' id='word_1_512' title='bbox 1036 3461 1157 3518; x_wconf 81' lang='lat' dir='ltr'><strong>doulam</strong></span> <span class='ocrx_word' id='word_1_513' title='bbox 1177 3465 1308 3535; x_wconf 68' lang='lat' dir='ltr'><strong>permotio</strong></span> <span class='ocrx_word' id='word_1_514' title='bbox 1332 3462 1434 3536; x_wconf 84' lang='lat' dir='ltr'><strong>rerttrtt]</strong></span> <span class='ocrx_word' id='word_1_515' title='bbox 1455 3461 1613 3518; x_wconf 73' lang='lat' dir='ltr'><strong>antelamo</strong></span> <span class='ocrx_word' id='word_1_516' title='bbox 1638 3459 1737 3530; x_wconf 85' lang='lat' dir='ltr'><strong>pariter</strong></span> <span class='ocrx_word' id='word_1_517' title='bbox 1759 3465 1785 3514; x_wconf 79' lang='lat' dir='ltr'><strong>ol</strong></span> 
     </span>
    </p>
   </div>
   <div class='ocr_carea' id='block_1_21' title="bbox 997 3550 1791 3625">
    <p class='ocr_par' dir='ltr' id='par_1_47' title="bbox 997 3550 1791 3625">
     <span class='ocr_line' id='line_1_85' title="bbox 997 3550 1791 3625; baseline -0.004 -16"><span class='ocrx_word' id='word_1_518' title='bbox 997 3553 1191 3625; x_wconf 82' lang='lat' dir='ltr'><strong>iucundissima</strong></span> <span class='ocrx_word' id='word_1_519' title='bbox 1218 3553 1372 3610; x_wconf 85' lang='lat' dir='ltr'><strong>dissertatio</strong></span> <span class='ocrx_word' id='word_1_520' title='bbox 1396 3554 1429 3610; x_wconf 91' lang='lat' dir='ltr'><strong>de</strong></span> <span class='ocrx_word' id='word_1_521' title='bbox 1456 3555 1546 3610; x_wconf 83' lang='lat' dir='ltr'><strong>divina</strong></span> <span class='ocrx_word' id='word_1_522' title='bbox 1570 3550 1736 3624; x_wconf 77' lang='lat' dir='ltr'><strong>prouidentia</strong></span> <span class='ocrx_word' id='word_1_523' title='bbox 1759 3557 1791 3606; x_wconf 84' lang='lat' dir='ltr'><strong>et</strong></span> 
     </span>
    </p>
   </div>
   <div class='ocr_carea' id='block_1_22' title="bbox 998 3640 1620 4261">
    <p class='ocr_par' dir='ltr' id='par_1_48' title="bbox 998 3640 1620 4261">
     <span class='ocr_line' id='line_1_86' title="bbox 998 3640 1066 3701; baseline 0.015 -1"><span class='ocrx_word' id='word_1_524' title='bbox 998 3640 1066 3701; x_wconf 85' lang='lat' dir='ltr'><strong>iato.</strong></span> 
     </span>
     <span class='ocr_line' id='line_1_87' title="bbox 1033 3734 1620 3808; baseline -0.003 -16"><span class='ocrx_word' id='word_1_525' title='bbox 1033 3735 1196 3808; x_wconf 79' lang='lat' dir='ltr'><strong>stabilitate]</strong></span> <span class='ocrx_word' id='word_1_526' title='bbox 1209 3734 1378 3803; x_wconf 85' lang='lat' dir='ltr'><strong>Constantia,</strong></span> <span class='ocrx_word' id='word_1_527' title='bbox 1392 3737 1620 3793; x_wconf 87' lang='lat' dir='ltr'><strong>immutabilitate.</strong></span> 
     </span>
     <span class='ocr_line' id='line_1_88' title="bbox 1033 3824 1394 3899; baseline -0.003 -17"><span class='ocrx_word' id='word_1_528' title='bbox 1033 3824 1352 3899; x_wconf 81' lang='lat' dir='ltr'><strong>Sortitor11ianeisoitor.</strong></span> <span class='ocrx_word' id='word_1_529' title='bbox 1391 3866 1394 3873; x_wconf 83' lang='grc'>.</span> 
     </span>
     <span class='ocr_line' id='line_1_89' title="bbox 1035 3913 1326 3987; baseline 0 -15"><span class='ocrx_word' id='word_1_530' title='bbox 1035 3913 1113 3987; x_wconf 77' lang='lat' dir='ltr'><strong>tter]</strong></span> <span class='ocrx_word' id='word_1_531' title='bbox 1129 3917 1222 3984; x_wconf 81' lang='lat' dir='ltr'><strong>Divina</strong></span> <span class='ocrx_word' id='word_1_532' title='bbox 1238 3932 1326 3974; x_wconf 87' lang='lat' dir='ltr'><strong>mens.</strong></span> 
     </span>
     <span class='ocr_line' id='line_1_90' title="bbox 1037 4004 1344 4081; baseline 0.013 -20"><span class='ocrx_word' id='word_1_533' title='bbox 1037 4004 1071 4061; x_wconf 83' lang='lat' dir='ltr'><strong>tn</strong></span> <span class='ocrx_word' id='word_1_534' title='bbox 1085 4007 1162 4081; x_wconf 83' lang='lat' dir='ltr'><strong>arce]</strong></span> <span class='ocrx_word' id='word_1_535' title='bbox 1174 4007 1344 4065; x_wconf 74' lang='lat' dir='ltr'><strong>summitate.</strong></span> 
     </span>
     <span class='ocr_line' id='line_1_91' title="bbox 1033 4095 1607 4171; baseline 0.005 -19"><span class='ocrx_word' id='word_1_536' title='bbox 1033 4095 1178 4171; x_wconf 84' lang='lat' dir='ltr'><strong>Gereudit]</strong></span> <span class='ocrx_word' id='word_1_537' title='bbox 1190 4097 1424 4166; x_wconf 74' lang='lat' dir='ltr'><strong>Administraudis,</strong></span> <span class='ocrx_word' id='word_1_538' title='bbox 1440 4097 1607 4155; x_wconf 62' lang='lat' dir='ltr'><strong>eluendis!</strong></span> 
     </span>
     <span class='ocr_line' id='line_1_92' title="bbox 1032 4188 1324 4261; baseline 0.01 -17"><span class='ocrx_word' id='word_1_539' title='bbox 1032 4188 1146 4261; x_wconf 82' lang='lat' dir='ltr'><strong>Statuit]</strong></span> <span class='ocrx_word' id='word_1_540' title='bbox 1161 4191 1324 4248; x_wconf 71' lang='lat' dir='ltr'><strong>Preteribit.</strong></span> 
     </span>
    </p>
   </div>
   <div class='ocr_carea' id='block_1_23' title="bbox 947 4278 1367 4353">
    <p class='ocr_par' dir='ltr' id='par_1_49' title="bbox 947 4278 1367 4353">
     <span class='ocr_line' id='line_1_93' title="bbox 947 4278 1367 4353; baseline 0.026 -22"><span class='ocrx_word' id='word_1_541' title='bbox 947 4318 950 4322; x_wconf 18' lang='grc' dir='ltr'><em>Α</em></span> <span class='ocrx_word' id='word_1_542' title='bbox 1032 4278 1165 4352; x_wconf 76' lang='lat' dir='ltr'><strong>Podtnei</strong></span> <span class='ocrx_word' id='word_1_543' title='bbox 1179 4282 1367 4353; x_wconf 80' lang='lat' dir='ltr'><strong>Simplicitate.</strong></span> 
     </span>
    </p>
   </div>
   <div class='ocr_carea' id='block_1_24' title="bbox 1031 4365 1424 4442">
    <p class='ocr_par' dir='ltr' id='par_1_50' title="bbox 1031 4365 1424 4442">
     <span class='ocr_line' id='line_1_94' title="bbox 1031 4365 1424 4442; baseline 0.013 -20"><span class='ocrx_word' id='word_1_544' title='bbox 1031 4365 1208 4442; x_wconf 77' lang='lat' dir='ltr'><strong>Conspicitur]</strong></span> <span class='ocrx_word' id='word_1_545' title='bbox 1222 4370 1424 4429; x_wconf 78' lang='lat' dir='ltr'><strong>considerator.</strong></span> 
     </span>
    </p>
   </div>
   <div class='ocr_carea' id='block_1_25' title="bbox 958 4458 1476 4560">
    <p class='ocr_par' dir='ltr' id='par_1_51' title="bbox 958 4458 1476 4560">
     <span class='ocr_line' id='line_1_95' title="bbox 958 4458 1476 4560; baseline -0.006 -39"><span class='ocrx_word' id='word_1_546' title='bbox 958 4499 983 4560; x_wconf 68' lang='lat' dir='ltr'>D</span> <span class='ocrx_word' id='word_1_547' title='bbox 1032 4458 1113 4537; x_wconf 67' lang='lat'><strong>⁰¹²2]</strong></span> <span class='ocrx_word' id='word_1_548' title='bbox 1129 4461 1325 4529; x_wconf 71' lang='lat' dir='ltr'><strong>Providentiam</strong></span> <span class='ocrx_word' id='word_1_549' title='bbox 1340 4473 1368 4519; x_wconf 91' lang='lat' dir='ltr'><strong>et</strong></span> <span class='ocrx_word' id='word_1_550' title='bbox 1382 4463 1476 4518; x_wconf 88' lang='lat' dir='ltr'><strong>latum.</strong></span> 
     </span>
    </p>
   </div>
   <div class='ocr_carea' id='block_1_26' title="bbox 994 4546 1785 5344">
    <p class='ocr_par' dir='ltr' id='par_1_52' title="bbox 998 4546 1784 4699">
     <span class='ocr_line' id='line_1_96' title="bbox 1035 4546 1784 4626; baseline -0.011 -20"><span class='ocrx_word' id='word_1_551' title='bbox 1035 4550 1105 4607; x_wconf 83' lang='lat' dir='ltr'><strong>Nom</strong></span> <span class='ocrx_word' id='word_1_552' title='bbox 1119 4553 1296 4626; x_wconf 63' lang='lat' dir='ltr'><strong>moajdeotia]</strong></span> <span class='ocrx_word' id='word_1_553' title='bbox 1319 4554 1451 4610; x_wconf 79' lang='lat' dir='ltr'><strong>Describit</strong></span> <span class='ocrx_word' id='word_1_554' title='bbox 1477 4553 1550 4623; x_wconf 83' lang='lat' dir='ltr'><strong>prius</strong></span> <span class='ocrx_word' id='word_1_555' title='bbox 1570 4546 1784 4619; x_wconf 85' lang='lat' dir='ltr'><strong>providentiam,</strong></span> 
     </span>
     <span class='ocr_line' id='line_1_97' title="bbox 998 4643 1242 4699; baseline 0.004 -1"><span class='ocrx_word' id='word_1_556' title='bbox 998 4643 1095 4699; x_wconf 86' lang='lat' dir='ltr'><strong>deiude</strong></span> <span class='ocrx_word' id='word_1_557' title='bbox 1108 4651 1136 4698; x_wconf 89' lang='lat' dir='ltr'><strong>et</strong></span> <span class='ocrx_word' id='word_1_558' title='bbox 1150 4643 1242 4699; x_wconf 87' lang='lat' dir='ltr'><strong>latum.</strong></span> 
     </span>
    </p>

    <p class='ocr_par' dir='ltr' id='par_1_53' title="bbox 994 4728 1785 5344">
     <span class='ocr_line' id='line_1_98' title="bbox 1034 4728 1784 4808; baseline -0.003 -20"><span class='ocrx_word' id='word_1_559' title='bbox 1034 4734 1130 4789; x_wconf 67' lang='lat' dir='ltr'><strong>aaran</strong></span> <span class='ocrx_word' id='word_1_560' title='bbox 1148 4751 1205 4790; x_wconf 82' lang='lat' dir='ltr'><strong>tero</strong></span> <span class='ocrx_word' id='word_1_561' title='bbox 1231 4735 1374 4808; x_wconf 72' lang='lat' dir='ltr'><strong>iuberent]</strong></span> <span class='ocrx_word' id='word_1_562' title='bbox 1393 4738 1433 4793; x_wconf 81' lang='lat' dir='ltr'><strong>Ea</strong></span> <span class='ocrx_word' id='word_1_563' title='bbox 1453 4733 1595 4807; x_wconf 75' lang='lat' dir='ltr'><strong>Chrysippi</strong></span> <span class='ocrx_word' id='word_1_564' title='bbox 1614 4728 1698 4789; x_wconf 79' lang='lat' dir='ltr'><strong>Stoici</strong></span> <span class='ocrx_word' id='word_1_565' title='bbox 1722 4745 1784 4786; x_wconf 82' lang='lat' dir='ltr'><strong>ten·</strong></span> 
     </span>
     <span class='ocr_line' id='line_1_99' title="bbox 997 4822 1784 4899; baseline -0.005 -19"><span class='ocrx_word' id='word_1_566' title='bbox 997 4825 1099 4894; x_wconf 81' lang='lat' dir='ltr'><strong>tentia,</strong></span> <span class='ocrx_word' id='word_1_567' title='bbox 1123 4826 1205 4882; x_wconf 89' lang='lat' dir='ltr'><strong>latum</strong></span> <span class='ocrx_word' id='word_1_568' title='bbox 1226 4839 1268 4885; x_wconf 84' lang='lat' dir='ltr'><strong>est</strong></span> <span class='ocrx_word' id='word_1_569' title='bbox 1281 4829 1443 4899; x_wconf 79' lang='lat' dir='ltr'><strong>sempiterna</strong></span> <span class='ocrx_word' id='word_1_570' title='bbox 1459 4827 1580 4898; x_wconf 80' lang='lat' dir='ltr'><strong>quaedam</strong></span> <span class='ocrx_word' id='word_1_571' title='bbox 1595 4833 1624 4881; x_wconf 91' lang='lat' dir='ltr'><strong>et</strong></span> <span class='ocrx_word' id='word_1_572' title='bbox 1638 4822 1784 4879; x_wconf 83' lang='lat' dir='ltr'><strong>indeclina-</strong></span> 
     </span>
     <span class='ocr_line' id='line_1_100' title="bbox 995 4918 1785 4989; baseline -0.006 -15"><span class='ocrx_word' id='word_1_573' title='bbox 995 4920 1058 4975; x_wconf 90' lang='lat' dir='ltr'><strong>bilis</strong></span> <span class='ocrx_word' id='word_1_574' title='bbox 1069 4920 1155 4976; x_wconf 86' lang='lat' dir='ltr'><strong>series</strong></span> <span class='ocrx_word' id='word_1_575' title='bbox 1168 4934 1270 4989; x_wconf 87' lang='lat' dir='ltr'><strong>rerum,</strong></span> <span class='ocrx_word' id='word_1_576' title='bbox 1285 4931 1312 4979; x_wconf 92' lang='lat' dir='ltr'><strong>et</strong></span> <span class='ocrx_word' id='word_1_577' title='bbox 1325 4931 1417 4977; x_wconf 85' lang='lat' dir='ltr'><strong>eatena</strong></span> <span class='ocrx_word' id='word_1_578' title='bbox 1428 4921 1539 4977; x_wconf 88' lang='lat' dir='ltr'><strong>roltetrs</strong></span> <span class='ocrx_word' id='word_1_579' title='bbox 1553 4918 1698 4986; x_wconf 81' lang='lat' dir='ltr'><strong>semetipsa</strong></span> <span class='ocrx_word' id='word_1_580' title='bbox 1712 4928 1785 4981; x_wconf 83' lang='lat' dir='ltr'><strong>sese,</strong></span> 
     </span>
     <span class='ocr_line' id='line_1_101' title="bbox 996 5009 1783 5082; baseline -0.008 -17"><span class='ocrx_word' id='word_1_581' title='bbox 996 5017 1024 5065; x_wconf 92' lang='lat' dir='ltr'><strong>et</strong></span> <span class='ocrx_word' id='word_1_582' title='bbox 1038 5009 1177 5080; x_wconf 79' lang='lat' dir='ltr'><strong>implicans</strong></span> <span class='ocrx_word' id='word_1_583' title='bbox 1193 5025 1243 5082; x_wconf 87' lang='lat' dir='ltr'><strong>per</strong></span> <span class='ocrx_word' id='word_1_584' title='bbox 1256 5021 1372 5067; x_wconf 79' lang='lat' dir='ltr'><strong>aeternos</strong></span> <span class='ocrx_word' id='word_1_585' title='bbox 1392 5010 1592 5080; x_wconf 68' lang='lat' dir='ltr'><strong>conseruandae</strong></span> <span class='ocrx_word' id='word_1_586' title='bbox 1607 5010 1726 5076; x_wconf 81' lang='lat' dir='ltr'><strong>ordines,</strong></span> <span class='ocrx_word' id='word_1_587' title='bbox 1748 5021 1783 5059; x_wconf 81' lang='lat' dir='ltr'><strong>ex</strong></span> 
     </span>
     <span class='ocr_line' id='line_1_102' title="bbox 995 5101 1783 5174; baseline -0.004 -18"><span class='ocrx_word' id='word_1_588' title='bbox 995 5101 1092 5170; x_wconf 80' lang='lat' dir='ltr'><strong>quibos</strong></span> <span class='ocrx_word' id='word_1_589' title='bbox 1108 5111 1170 5170; x_wconf 90' lang='lat' dir='ltr'><strong>apta</strong></span> <span class='ocrx_word' id='word_1_590' title='bbox 1185 5115 1358 5174; x_wconf 80' lang='lat' dir='ltr'><strong>connexaque</strong></span> <span class='ocrx_word' id='word_1_591' title='bbox 1373 5110 1423 5158; x_wconf 87' lang='lat' dir='ltr'><strong>est.</strong></span> <span class='ocrx_word' id='word_1_592' title='bbox 1436 5101 1474 5159; x_wconf 81' lang='lat' dir='ltr'><strong>[te</strong></span> <span class='ocrx_word' id='word_1_593' title='bbox 1485 5101 1539 5157; x_wconf 81' lang='lat' dir='ltr'><strong>lato</strong></span> <span class='ocrx_word' id='word_1_594' title='bbox 1551 5101 1597 5172; x_wconf 85' lang='lat' dir='ltr'><strong>qni</strong></span> <span class='ocrx_word' id='word_1_595' title='bbox 1613 5102 1688 5171; x_wconf 88' lang='lat' dir='ltr'><strong>plura</strong></span> <span class='ocrx_word' id='word_1_596' title='bbox 1704 5111 1783 5153; x_wconf 82' lang='lat' dir='ltr'><strong>trusso</strong></span> 
     </span>
     <span class='ocr_line' id='line_1_103' title="bbox 995 5187 1783 5265; baseline -0.009 -19"><span class='ocrx_word' id='word_1_597' title='bbox 995 5193 1079 5262; x_wconf 88' lang='lat' dir='ltr'><strong>eupit,</strong></span> <span class='ocrx_word' id='word_1_598' title='bbox 1095 5191 1164 5263; x_wconf 73' lang='lat' dir='ltr'><strong>legat</strong></span> <span class='ocrx_word' id='word_1_599' title='bbox 1185 5193 1223 5248; x_wconf 85' lang='lat' dir='ltr'><strong>il.</strong></span> <span class='ocrx_word' id='word_1_600' title='bbox 1244 5190 1360 5265; x_wconf 84' lang='lat' dir='ltr'><strong>Tullium</strong></span> <span class='ocrx_word' id='word_1_601' title='bbox 1376 5202 1403 5248; x_wconf 88' lang='lat' dir='ltr'><strong>et</strong></span> <span class='ocrx_word' id='word_1_602' title='bbox 1417 5193 1564 5249; x_wconf 87' lang='lat' dir='ltr'><strong>ilareiiium</strong></span> <span class='ocrx_word' id='word_1_603' title='bbox 1582 5190 1704 5246; x_wconf 81' lang='lat' dir='ltr'><strong>Fieinotn</strong></span> <span class='ocrx_word' id='word_1_604' title='bbox 1722 5187 1783 5241; x_wconf 78' lang='lat' dir='ltr'><strong>Pla-</strong></span> 
     </span>
     <span class='ocr_line' id='line_1_104' title="bbox 994 5281 1782 5344; baseline -0.004 -11"><span class='ocrx_word' id='word_1_605' title='bbox 994 5283 1127 5344; x_wconf 89' lang='lat' dir='ltr'><strong>tonicum,</strong></span> <span class='ocrx_word' id='word_1_606' title='bbox 1150 5281 1298 5338; x_wconf 84' lang='lat' dir='ltr'><strong>Landiuorn</strong></span> <span class='ocrx_word' id='word_1_607' title='bbox 1318 5284 1344 5339; x_wconf 90' lang='lat' dir='ltr'><strong>itt</strong></span> <span class='ocrx_word' id='word_1_608' title='bbox 1362 5293 1439 5340; x_wconf 82' lang='lat' dir='ltr'><strong>sexto</strong></span> <span class='ocrx_word' id='word_1_609' title='bbox 1461 5284 1591 5340; x_wconf 79' lang='lat' dir='ltr'><strong>AEueidos</strong></span> <span class='ocrx_word' id='word_1_610' title='bbox 1610 5282 1782 5337; x_wconf 85' lang='lat' dir='ltr'><strong>Cotttrneuta·</strong></span> 
     </span>
    </p>
   </div>
   <div class='ocr_carea' id='block_1_27' title="bbox 994 5368 1902 5442">
    <p class='ocr_par' dir='ltr' id='par_1_54' title="bbox 994 5368 1902 5442">
     <span class='ocr_line' id='line_1_105' title="bbox 994 5368 1902 5442; baseline 0 -16"><span class='ocrx_word' id='word_1_611' title='bbox 994 5372 1046 5438; x_wconf 85' lang='lat' dir='ltr'><strong>rio,</strong></span> <span class='ocrx_word' id='word_1_612' title='bbox 1060 5371 1176 5427; x_wconf 84' lang='lat' dir='ltr'><strong>Gellium</strong></span> <span class='ocrx_word' id='word_1_613' title='bbox 1196 5374 1264 5430; x_wconf 89' lang='lat' dir='ltr'><strong>libro</strong></span> <span class='ocrx_word' id='word_1_614' title='bbox 1276 5384 1365 5442; x_wconf 81' lang='lat' dir='ltr'><strong>sexto,</strong></span> <span class='ocrx_word' id='word_1_615' title='bbox 1377 5386 1404 5430; x_wconf 91' lang='lat' dir='ltr'><strong>et</strong></span> <span class='ocrx_word' id='word_1_616' title='bbox 1419 5374 1561 5430; x_wconf 86' lang='lat' dir='ltr'><strong>Eusebium</strong></span> <span class='ocrx_word' id='word_1_617' title='bbox 1574 5373 1643 5429; x_wconf 92' lang='lat' dir='ltr'><strong>libro</strong></span> <span class='ocrx_word' id='word_1_618' title='bbox 1656 5381 1734 5426; x_wconf 87' lang='lat' dir='ltr'><strong>sotto</strong></span> <span class='ocrx_word' id='word_1_619' title='bbox 1749 5368 1793 5439; x_wconf 80' lang='lat' dir='ltr'><strong>tit.</strong></span> <span class='ocrx_word' id='word_1_620' title='bbox 1898 5408 1902 5413; x_wconf 94' lang='lat'>-</span> 
     </span>
    </p>
   </div>
   <div class='ocr_carea' id='block_1_28' title="bbox 190 5421 1448 5536">
    <p class='ocr_par' dir='ltr' id='par_1_55' title="bbox 190 5421 1448 5536">
     <span class='ocr_line' id='line_1_106' title="bbox 190 5421 1448 5536; baseline 0.039 -61"><span class='ocrx_word' id='word_1_621' title='bbox 190 5421 298 5500; x_wconf 73' lang='lat' dir='ltr'><strong>Qnoeso]</strong></span> <span class='ocrx_word' id='word_1_622' title='bbox 318 5423 394 5501; x_wconf 76' lang='lat' dir='ltr'><strong>rogo.</strong></span> <span class='ocrx_word' id='word_1_623' title='bbox 409 5434 478 5490; x_wconf 80' lang='lat' dir='ltr'><strong>Petit</strong></span> <span class='ocrx_word' id='word_1_624' title='bbox 499 5439 550 5494; x_wconf 87' lang='lat' dir='ltr'><strong>sibi</strong></span> <span class='ocrx_word' id='word_1_625' title='bbox 575 5457 669 5501; x_wconf 88' lang='lat' dir='ltr'><strong>causat</strong></span> <span class='ocrx_word' id='word_1_626' title='bbox 692 5448 823 5519; x_wconf 77' lang='lat' dir='ltr'><strong>extilicati</strong></span> <span class='ocrx_word' id='word_1_627' title='bbox 847 5468 941 5511; x_wconf 85' lang='lat' dir='ltr'><strong>eorum</strong></span> <span class='ocrx_word' id='word_1_628' title='bbox 966 5423 970 5430; x_wconf 18' lang='grc' dir='ltr'>ἱ</span> <span class='ocrx_word' id='word_1_629' title='bbox 992 5457 1190 5530; x_wconf 80' lang='lat' dir='ltr'><strong>Praeparatiotte</strong></span> <span class='ocrx_word' id='word_1_630' title='bbox 1204 5465 1367 5536; x_wconf 65' lang='lat' dir='ltr'><strong>evangelica.</strong></span> <span class='ocrx_word' id='word_1_631' title='bbox 1446 5479 1448 5482; x_wconf 75' lang='grc'>’</span> 
     </span>
    </p>
   </div>
   <div class='ocr_carea' id='block_1_29' title="bbox 156 5521 588 5680">
    <p class='ocr_par' dir='ltr' id='par_1_56' title="bbox 156 5521 588 5680">
     <span class='ocr_line' id='line_1_107' title="bbox 156 5521 588 5586; baseline 0.044 -19"><span class='ocrx_word' id='word_1_632' title='bbox 156 5527 266 5582; x_wconf 70' lang='lat' dir='ltr'><strong>quorum</strong></span> <span class='ocrx_word' id='word_1_633' title='bbox 282 5521 458 5581; x_wconf 84' lang='lat' dir='ltr'><strong>admiratione</strong></span> <span class='ocrx_word' id='word_1_634' title='bbox 470 5538 588 5586; x_wconf 88' lang='lat' dir='ltr'><strong>tenetur.</strong></span> 
     </span>
     <span class='ocr_line' id='line_1_108' title="bbox 189 5605 532 5680; baseline 0.044 -22"><span class='ocrx_word' id='word_1_635' title='bbox 189 5605 532 5680; x_wconf 76' lang='lat' dir='ltr'><strong>Esltattati1exitaosliottis.</strong></span> 
     </span>
    </p>
   </div>
   <div class='ocr_carea' id='block_1_30' title="bbox 190 5695 953 5788">
    <p class='ocr_par' dir='ltr' id='par_1_57' title="bbox 190 5695 953 5788">
     <span class='ocr_line' id='line_1_109' title="bbox 190 5695 953 5788; baseline 0.046 -38"><span class='ocrx_word' id='word_1_636' title='bbox 190 5695 302 5771; x_wconf 74' lang='lat' dir='ltr'><strong>lindroe]</strong></span> <span class='ocrx_word' id='word_1_637' title='bbox 318 5702 411 5760; x_wconf 79' lang='lat' dir='ltr'><strong>Latine</strong></span> <span class='ocrx_word' id='word_1_638' title='bbox 434 5705 533 5765; x_wconf 88' lang='lat' dir='ltr'><strong>dicitur</strong></span> <span class='ocrx_word' id='word_1_639' title='bbox 552 5721 670 5783; x_wconf 80' lang='lat' dir='ltr'><strong>excetra,</strong></span> <span class='ocrx_word' id='word_1_640' title='bbox 687 5732 764 5788; x_wconf 85' lang='lat' dir='ltr'><strong>quatu</strong></span> <span class='ocrx_word' id='word_1_641' title='bbox 787 5721 953 5784; x_wconf 67' lang='lat' dir='ltr'><strong>Sitoouides</strong></span> 
     </span>
    </p>
   </div>
   <div class='ocr_carea' id='block_1_31' title="bbox 994 5552 1783 5710">
    <p class='ocr_par' dir='ltr' id='par_1_58' title="bbox 994 5552 1783 5710">
     <span class='ocr_line' id='line_1_110' title="bbox 1027 5552 1783 5632; baseline 0.011 -26"><span class='ocrx_word' id='word_1_642' title='bbox 1027 5552 1194 5610; x_wconf 84' lang='lat' dir='ltr'><strong>Providettlin</strong></span> <span class='ocrx_word' id='word_1_643' title='bbox 1213 5556 1337 5630; x_wconf 78' lang='lat' dir='ltr'><strong>nomque]</strong></span> <span class='ocrx_word' id='word_1_644' title='bbox 1363 5558 1487 5616; x_wconf 84' lang='lat' dir='ltr'><strong>Ostendit</strong></span> <span class='ocrx_word' id='word_1_645' title='bbox 1507 5559 1570 5632; x_wconf 87' lang='lat' dir='ltr'><strong>quid</strong></span> <span class='ocrx_word' id='word_1_646' title='bbox 1589 5556 1696 5615; x_wconf 85' lang='lat' dir='ltr'><strong>intersit</strong></span> <span class='ocrx_word' id='word_1_647' title='bbox 1713 5555 1783 5614; x_wconf 86' lang='lat' dir='ltr'><strong>iulet</strong></span> 
     </span>
     <span class='ocr_line' id='line_1_111' title="bbox 994 5642 1359 5710; baseline 0.025 -14"><span class='ocrx_word' id='word_1_648' title='bbox 994 5642 1188 5710; x_wconf 81' lang='lat' dir='ltr'><strong>prouidentiam</strong></span> <span class='ocrx_word' id='word_1_649' title='bbox 1215 5655 1242 5702; x_wconf 92' lang='lat' dir='ltr'><strong>et</strong></span> <span class='ocrx_word' id='word_1_650' title='bbox 1266 5646 1359 5704; x_wconf 87' lang='lat' dir='ltr'><strong>latum.</strong></span> 
     </span>
    </p>
   </div>
   <div class='ocr_carea' id='block_1_32' title="bbox 1029 5717 1782 5814">
    <p class='ocr_par' dir='ltr' id='par_1_59' title="bbox 1029 5717 1782 5814">
     <span class='ocr_line' id='line_1_112' title="bbox 1029 5717 1782 5814; baseline 0.016 -28"><span class='ocrx_word' id='word_1_651' title='bbox 1029 5730 1093 5797; x_wconf 77' lang='lat' dir='ltr'><strong>Qne</strong></span> <span class='ocrx_word' id='word_1_652' title='bbox 1107 5734 1164 5790; x_wconf 85' lang='lat' dir='ltr'><strong>iicet</strong></span> <span class='ocrx_word' id='word_1_653' title='bbox 1178 5735 1278 5792; x_wconf 76' lang='lat' dir='ltr'><strong>diuerso</strong></span> <span class='ocrx_word' id='word_1_654' title='bbox 1289 5736 1356 5809; x_wconf 86' lang='lat' dir='ltr'><strong>tint,</strong></span> <span class='ocrx_word' id='word_1_655' title='bbox 1369 5739 1477 5796; x_wconf 80' lang='lat' dir='ltr'><strong>alternat</strong></span> <span class='ocrx_word' id='word_1_656' title='bbox 1492 5717 1575 5797; x_wconf 79' lang='lat' dir='ltr'><strong>tonott</strong></span> <span class='ocrx_word' id='word_1_657' title='bbox 1590 5742 1680 5814; x_wconf 77' lang='lat' dir='ltr'><strong>pendet</strong></span> <span class='ocrx_word' id='word_1_658' title='bbox 1695 5758 1727 5799; x_wconf 77' lang='lat' dir='ltr'><strong>ts</strong></span> <span class='ocrx_word' id='word_1_659' title='bbox 1740 5741 1782 5798; x_wconf 73' lang='lat' dir='ltr'><strong>ol.</strong></span> 
     </span>
    </p>
   </div>
   <div class='ocr_carea' id='block_1_33' title="bbox 0 0 1958 6180">
    <p class='ocr_par' dir='ltr' id='par_1_60' title="bbox 0 0 1958 6180">
     <span class='ocr_line' id='line_1_113' title="bbox 0 0 1958 6180; baseline 0 4"><span class='ocrx_word' id='word_1_660' title='bbox 0 0 1958 6180; x_wconf 95' lang='lat' dir='ltr'><strong> </strong></span> 
     </span>
    </p>
   </div>
  </div>
 </body>
</html>
