3906 6180
100 355 149 408 tut

552 342 740 401 uuultttttlt
762 341 804 394 at
825 335 1005 391 sonituum
1025 338 1277 395 collltttlltatttl.

1672 337 1726 391 uls

102 466 194 519 olorem
209 472 296 517 autem
319 462 387 517 sieut
406 475 508 523 essem.
531 458 650 528 ejusdem
673 453 884 526 signillaatiouis.
902 450 925 507 Α
940 453 1094 519 gistratibus
1106 457 1170 520 suis,
1187 458 1235 511 sub
1251 457 1449 535 magistratibus
1464 468 1489 513 et
1505 458 1606 526 legibus
1624 457 1724 513 Rotna-

103 567 244 608 nenreott.

138 642 270 712 Publicos]
286 641 374 706 idest,
392 641 541 709 nonninus,
558 655 617 709 quae
633 639 724 708 populi
743 647 805 692 sunt
821 635 886 690 diri-

103 752 170 787 mns.
187 739 333 788 boutema.

139 822 259 892 Stadere]
273 824 372 877 Favere
387 824 528 891 signidem,
543 821 701 891 quandoque
714 821 832 889 iungitur
843 819 888 871 da-

105 914 168 969 tivo.
185 914 307 967 lloratins
320 914 346 966 in
363 914 449 980 primo
462 912 638 982 Epistolarum
655 929 661 963 ε
712 969 714 973 ,

166 1003 202 1050 b'e
212 1001 290 1051 studio
300 1003 377 1050 nostri
391 1014 486 1062 pecces.

104 1083 133 1139 lu
154 1096 195 1139 εει
218 1085 307 1138 lavore
331 1101 337 1135 :
361 1085 518 1152 quandoque
541 1084 645 1137 conari.
669 1082 776 1136 l'orent.
797 1082 823 1133 in
840 1082 889 1134 Eu·

105 1177 185 1230 trucit.
195 1193 201 1227 :

166 1269 228 1318 Dum
239 1268 325 1316 studeo
337 1268 381 1316 tibi
392 1279 499 1315 sororem
512 1265 628 1315 reddere.

108 1357 143 1409 m
155 1356 275 1425 jungitur
287 1356 448 1415 aceruatim,
459 1355 618 1423 quandoque
633 1352 735 1407 discere
748 1350 890 1420 signillcat.

106 1446 200 1500 Cicero
219 1446 246 1499 in
266 1445 405 1513 quintode
430 1445 539 1499 Finibus
557 1446 724 1499 bonorumet
738 1445 866 1497 stratorum
883 1460 891 1498 ε

107 1539 148 1592 rel
169 1537 232 1592 illud
247 1540 332 1606 ipsum
352 1539 421 1607 quod
437 1539 540 1602 studet,
558 1538 644 1593 iacere
660 1541 743 1608 possit
762 1539 892 1601 ostiarius,

107 1629 198 1697 sieque
209 1628 359 1697 promiscue
370 1631 522 1683 accusativo
534 1638 562 1683 et
571 1630 661 1684 dativo
670 1630 799 1698 jungitur.
814 1628 894 1684 dont·

108 1737 183 1777 eota.

939 546 979 600 nis
991 548 1139 605 tenebatur.
1154 549 1230 605 Unde
1243 549 1384 604 Suetonius
1399 552 1423 603 in
1435 552 1494 604 Vita
1510 551 1607 605 liberii
1623 551 1725 619 :Cujus

938 645 964 691 et
984 653 1093 708 regnum
1116 642 1142 694 in
1163 641 1273 694 lnrmam
1292 642 1435 710 prorineim
1453 641 1562 711 redegit.
1591 642 1663 696 llicta
1685 650 1726 696 est

939 730 1073 797 provincia
1098 731 1170 799 quasi
1194 745 1283 800 porro,
1309 729 1334 784 id
1355 740 1397 785 εει
1420 747 1527 799 prorsus
1549 733 1627 787 sieta.
1644 734 1724 788 dont·

939 833 1014 873 cota.

976 908 1105 980 Praetorii]
1122 910 1277 968 Praetorium
1300 915 1325 969 io
1348 917 1442 969 eastris
1463 916 1561 989 onitin
1583 915 1657 969 loeus
1680 915 1726 970 ubi

942 1000 1065 1054 tendebat
1085 1001 1237 1071 irruperatar,
1256 1015 1282 1059 ct
1296 1006 1357 1060 iude
1377 1008 1402 1060 in
1427 1006 1552 1067 rasilibus,
1568 1006 1611 1060 ubi
1630 1018 1729 1076 prmtor

941 1090 982 1144 rel
993 1106 1113 1147 suuunus
1125 1095 1295 1164 magistratus
1306 1097 1440 1152 habitabat
1455 1098 1568 1166 publice.
1582 1096 1729 1153 Praefectus

942 1191 1030 1236 autem
1054 1186 1186 1251 praetorii,
1211 1187 1255 1253 qui
1276 1188 1335 1242 loco
1359 1189 1527 1256 imperatoris
1552 1189 1577 1241 in
1606 1187 1729 1256 prictorio

943 1273 1114 1343 versabatur,
1134 1285 1161 1329 et
1181 1277 1309 1331 militibus
1330 1288 1453 1345 preerat.
1474 1279 1647 1332 Consularem
1668 1293 1728 1333 eum

943 1361 1072 1428 dicimus,
1088 1368 1132 1433 qui
1146 1365 1196 1421 luit
1207 1368 1312 1422 eonsnl.
1326 1367 1457 1423 Consules
1471 1369 1541 1422 enirn
1559 1368 1611 1422 duo
1624 1382 1730 1436 semper

944 1453 971 1506 in
986 1454 1103 1523 singulos
1119 1470 1202 1510 aranos
1226 1459 1386 1513 creabantur
1410 1458 1511 1524 Romae,
1534 1459 1578 1527 qui
1599 1467 1731 1527 praetant

944 1545 1062 1609 senatui,
1077 1544 1127 1600 boe
1142 1555 1183 1601 est
1194 1547 1311 1601 concilio
1324 1549 1440 1616 publico,
1455 1548 1530 1617 eujus
1542 1549 1585 1618 qui
1599 1549 1733 1618 particeps

945 1642 1014 1698 erat,
1027 1644 1135 1690 senator
1146 1637 1302 1692 vocabatur.
1319 1642 1463 1694 aculeata.

982 1724 1115 1781 Palatinos
1135 1729 1219 1798 εεειεεΙ
1243 1729 1343 1783 bridus
1368 1731 1504 1785 ministros
1528 1732 1617 1798 palatii
1646 1742 1729 1785 uocat.

143 1815 295 1885 Aurorilorel
308 1816 445 1870 autoritas
459 1817 566 1886 proprie
578 1815 675 1872 dicitur
699 1816 835 1871 lionestior
848 1827 891 1869 aut
908 1810 931 1867 tt
946 1820 1090 1871 bentensi.

109 1907 212 1976 dignior
233 1907 267 1961 de
290 1908 397 1961 bomine
419 1908 508 1976 aliquo
530 1907 640 1977 opinio,
658 1922 797 1976 perquam
819 1908 894 1962 lacile

110 1996 172 2061 quid
188 1997 300 2050 suadere
315 2007 359 2050 ant
382 1996 538 2052 dissuadere
561 2007 649 2066 polest
674 2018 679 2050 :
704 1998 773 2054 sicut
795 1999 895 2054 autoris

111 2089 216 2154 dieitur,
228 2089 303 2157 eujus
314 2090 425 2157 imperio
439 2092 536 2158 aliquid
550 2093 593 2157 ut,
607 2094 683 2161 eujus
696 2093 810 2146 nominis
825 2093 894 2147 mol·

112 2184 191 2251 rlplox
208 2185 282 2252 origo
292 2185 361 2251 apud
375 2184 495 2239 diversos
513 2194 678 2240 recensetur.
692 2186 743 2242 atti
764 2187 798 2241 ab
811 2201 895 2256 augeo

112 2273 279 2327 scribendum
296 2289 342 2341 per
355 2289 381 2338 c,
399 2275 468 2340 quod
492 2278 606 2330 ritiminis
627 2278 780 2347 proprietati
803 2291 895 2347 parurn

112 2366 243 2418 conuenit.
260 2365 311 2419 alli
326 2366 359 2419 ab
374 2369 448 2422 αὐτὸν
461 2368 554 2422 Crareo
568 2368 711 2431 eoeneum,
725 2370 795 2439 quod
811 2370 895 2436 ipsum

113 2456 256 2524 significan
271 2457 317 2512 sed
332 2468 359 2511 ει
376 2458 425 2513 Ιεοε
441 2460 544 2528 lougius
559 2463 697 2528 quaesitum
715 2462 829 2516 videtur.
845 2462 896 2515 dlii

114 2546 228 2601 aliunde.
250 2548 312 2601 biilri
333 2549 390 2604 sine
410 2550 610 2605 ascribendum
632 2551 744 2615 ridetur,
760 2562 788 2605 et
801 2553 896 2606 sicula

113 2638 188 2691 l'areo
212 2638 331 2704 lautum,
346 2640 384 2693 sie
406 2642 439 2694 ab
466 2656 532 2695 areo
554 2653 655 2703 arritum.
672 2645 741 2710 quoil
765 2653 804 2697 est
824 2652 898 2697 extra

115 2741 191 2806 nsum
209 2747 214 2779 :
230 2738 257 2782 et
272 2730 332 2783 inde
345 2741 422 2784 autor
436 2731 599 2786 descendere
613 2733 726 2795 ridetur,
740 2734 864 2801 qnoniam
878 2735 900 2787 is

114 2818 149 2871 sit
163 2819 275 2887 quirem
298 2819 391 2874 laetam
413 2831 505 2886 areat,
519 2823 571 2877 boe
583 2831 624 2877 εει
638 2823 737 2890 cupiat.
754 2822 898 2877 donicata.

151 2914 340 2987 liegislrntmn]
355 2916 521 2985 Magistratus
535 2927 561 2971 et
573 2916 752 2985 magisterium
766 2916 899 2980 dillerum,

116 3004 285 3074 magistratus
298 3015 416 3074 poteslas
426 3005 530 3065 dit-itur,
542 3006 736 3074 magisterium.
748 3005 899 3060 artillciunr.

116 3094 246 3150 Conscius
261 3105 288 3150 ει
300 3095 476 3159 cantamerula,
495 3097 562 3163 :iprrrd
580 3104 682 3150 ueteres
701 3095 855 3167 plerumque
876 3096 901 3148 in

118 3188 214 3241 malam
230 3195 331 3256 partem
346 3187 481 3240 dicuutur.
495 3186 653 3240 irrrenalis:

179 3297 237 3355 Quis
248 3310 310 3345 nunc
320 3295 428 3355 diligitur
438 3298 482 3343 nisi
493 3298 603 3345 conscios
614 3296 623 3344 l

120 3379 241 3432 Hirralius
256 3380 281 3432 in
296 3379 383 3446 priruo
399 3378 576 3446 Epistularum
593 3395 598 3428 :

178 3469 217 3518 tul
230 3473 338 3519 eoiseire
350 3471 405 3530 sibi,
419 3469 484 3518 inulla
497 3469 632 3531 pallescere
644 3467 722 3531 culpa.

120 3551 262 3604 Sallustius
278 3552 302 3603 in
315 3549 442 3620 lugurtlra
463 3550 522 3604 :Ne
535 3550 595 3618 quis
617 3550 771 3604 modestiam
792 3552 817 3603 in
839 3565 903 3605 cort·

120 3644 257 3696 seientiam
272 3643 424 3696 deduceret.
445 3641 541 3694 Contra
556 3640 681 3709 Virgilius
697 3641 760 3694 ditis
774 3639 904 3696 :Conscia

121 3734 221 3797 virtos;
237 3742 264 3785 ot
277 3733 388 3799 Quintil.
407 3733 433 3784 in
451 3733 543 3784 matris
565 3731 670 3784 iniamia
690 3747 696 3784 :
715 3731 827 3785 libone
842 3747 905 3787 eou-

121 3824 238 3876 seientiae
254 3826 356 3877 incauta
372 3825 447 3889 simpl
460 3824 536 3877 citas.
551 3824 696 3877 besrcotr.

157 3913 303 3988 lirrbrcillis]
319 3915 399 3980 Quisi
417 3916 475 3968 sine
494 3914 603 3980 baculo,
618 3915 642 3969 id
662 3925 702 3970 εει
720 3915 780 3970 siue
796 3897 907 3969 admini-

122 4007 182 4060 culo
197 4017 241 4059 aul
252 4007 357 4061 rubore.
375 4011 518 4061 deamata,

158 4097 308 4165 Calumniirl
330 4098 399 4152 llicit
419 4098 570 4152 Priscianus
591 4114 605 4151 a
628 4100 709 4153 ueteri
731 4100 811 4154 uerbo
825 4100 906 4164 caluo,

123 4186 192 4255 quod
203 4197 244 4241 est
257 4188 360 4257 decipio
372 4229 379 4253 ,
393 4188 552 4242 calumniam
563 4190 659 4244 dictam
673 4205 732 4244 esse
746 4191 815 4259 quod
830 4190 909 4245 modo

123 4279 253 4347 signifieat
276 4279 368 4332 ialsam
393 4280 610 4344 accusationem,
633 4283 712 4335 modo
741 4281 908 4335 uexationem

123 4367 235 4436 alicujus
248 4368 273 4423 in
286 4368 374 4422 ilibus
386 4384 432 4437 per
442 4369 592 4440 iraudemct
604 4370 814 4425 frustrationem.
829 4371 908 4426 Aest-

122 4473 199 4511 eota.

158 4550 340 4621 Burborornm]
355 4550 439 4605 Ouiue
453 4550 595 4604 humanum
619 4568 701 4621 genus
726 4568 739 4602 a
763 4552 862 4606 lli-acis
883 4551 909 4604 in

123 4647 252 4701 barbaros
271 4654 299 4700 ει
321 4646 429 4699 Graecos
452 4647 531 4700 diuidi
556 4646 659 4700 solebat
682 4658 766 4714 :post
787 4645 909 4700 lrocltali

124 4752 229 4805 qnoque
244 4736 407 4790 iruntanitale
420 4746 446 4790 et
459 4737 608 4791 eruditione
621 4754 635 4790 a
649 4738 769 4792 barbaris
783 4739 909 4805 eterrtpti.

123 4825 267 4879 Christiani
289 4828 433 4893 scriptores
458 4827 612 4893 plerumque
624 4841 693 4880 trttnc
707 4840 755 4895 pro
767 4826 910 4893 gentilibus

124 4914 402 4980 :recipiuntbarbaros
420 4916 565 4970 donicata.

164 5004 343 5075 Vectigalilrus]
361 5004 477 5073 Vectigal
494 5004 621 5058 tributum
637 5007 743 5070 dieitur,
760 5005 830 5074 quod
846 5021 912 5073 pen·

125 5094 195 5147 ulitur
208 5094 241 5148 de
258 5097 337 5148 rebus
353 5110 412 5162 quae
431 5096 563 5149 uehuntur
584 5112 589 5144 τ
606 5095 770 5150 consuetudo
785 5096 870 5150 tenuit
884 5106 912 5150 ut

127 5198 174 5249 pro
189 5184 260 5238 omni
276 5185 385 5250 tribulo,
400 5186 497 5241 deiude
512 5201 560 5255 pro
575 5187 648 5239 oanni
660 5202 741 5241 ceusu
756 5186 909 5255 accipiatur.

128 5271 201 5325 Unda
212 5275 347 5344 uectigalis
357 5291 435 5346 ager,
458 5292 491 5330 os
505 5291 557 5344 quo
569 5275 686 5330 redditus
699 5277 852 5344 capiuntur,
866 5293 913 5332 ro·

126 5375 210 5419 catur.
221 5369 363 5424 denttott.

163 5455 337 5530 Corripaniom}
353 5462 374 5514 Α
386 5458 474 5529 Capua
488 5460 555 5514 urbe
567 5460 605 5528 dt,
618 5459 716 5514 dicitur
725 5461 792 5515 ciuis
803 5459 912 5529 Campa·

128 5561 187 5599 irus.
203 5546 279 5602 Unde
294 5557 320 5601 et
331 5550 486 5618 Campania,
498 5549 623 5620 quidquid
647 5551 696 5605 sub
706 5551 806 5606 ditione
816 5548 912 5621 Capuae

128 5639 191 5691 olim
205 5637 264 5693 luit.
279 5640 416 5695 l‘roriucia
430 5640 528 5707 dicitur
540 5655 601 5710 pars
612 5641 698 5710 aliqua
713 5649 842 5696 terrarum
856 5657 913 5709 quae

129 5730 265 5799 sirblngata
278 5748 291 5782 a
308 5732 442 5798 llmuanis,
455 5731 564 5786 remotis
576 5731 615 5786 ucl
632 5731 793 5800 principibus
806 5730 846 5786 uei
858 5746 913 5786 tna-

982 1909 1134 1979 dmbr'tioue]
1159 1910 1205 1964 ilie
1232 1916 1319 1980 posuit
1338 1914 1364 1966 in
1391 1914 1495 1980 propria
1520 1912 1731 1982 significatione,

946 2011 1023 2065 quam
1036 1998 1193 2068 elynmlogia
1208 2002 1323 2054 norriinis
1335 2004 1432 2065 reddit,
1450 2017 1502 2055 non
1514 2004 1646 2070 quomodo
1658 2015 1733 2055 inere

946 2091 1080 2143 communi
1096 2090 1188 2145 Latine
1210 2094 1373 2162 loquentium
1393 2095 1504 2164 eapitur.
1528 2093 1644 2149 Ambitio
1662 2095 1734 2148 euim

946 2179 1043 2248 cupido
1054 2180 1163 2236 lionoris
1172 2189 1214 2236 est
1230 2201 1237 2237 :
1249 2183 1310 2252 quia
1322 2185 1364 2254 qui
1376 2186 1502 2254 petebant
1516 2186 1630 2240 bonores
1642 2193 1669 2240 et
1679 2199 1734 2239 ma·

946 2272 1090 2340 gisbotus,
1106 2273 1243 2330 ambibam
1264 2287 1290 2331 et
1310 2278 1458 2332 circuibant
1476 2280 1567 2342 cives,
1585 2289 1691 2334 orantes
1706 2288 1734 2334 ut

947 2362 998 2418 sibi
1014 2365 1132 2420 laterent
1144 2381 1151 2420 :
1165 2365 1237 2420 unde
1248 2367 1362 2420 ambitus
1377 2368 1509 2437 signilleat
1528 2369 1552 2423 id
1571 2368 1640 2438 quoii
1656 2368 1735 2424 bodie

948 2455 1041 2525 uulgus
1062 2456 1204 2511 simoniam
1224 2467 1310 2512 rocat.
1329 2458 1377 2512 llic
1395 2469 1483 2513 antem
1498 2458 1583 2525 dixit,
1609 2459 1735 2527 iquoniam

948 2545 1084 2600 ambibunt
1096 2545 1200 2613 judiees
1210 2557 1236 2602 ct
1248 2550 1394 2603 sententias
1404 2551 1536 2604 emebant.
1554 2552 1698 2605 noricam.

984 2637 1097 2710 aulicos]
1114 2640 1223 2708 Proprie
1244 2640 1357 2695 dicimus
1372 2656 1419 2695 eos
1438 2643 1482 2710 qni
1501 2643 1527 2696 in
1550 2642 1616 2696 aulis
1639 2642 1736 2710 princi·

951 2744 1012 2794 puro
1035 2730 1145 2796 uiuunt,
1166 2745 1233 2799 quos
1257 2730 1335 2784 bodie
1356 2732 1469 2786 barbare
1491 2732 1607 2787 curiales
1630 2740 1738 2787 uocarat.

951 2817 1046 2888 virgil.
1062 2820 1087 2873 in
1100 2835 1117 2873 tt
1131 2819 1227 2889 Georg.
1245 2839 1251 2872 :

1105 2911 1240 2961 Penetraot
1252 2912 1319 2960 aulas
1334 2918 1360 2962 et
1369 2913 1452 2961 limina
1465 2925 1559 2974 regum.

952 2993 1016 3046 Nam
1030 2995 1102 3048 curia
1117 3008 1132 3047 a
1146 3008 1209 3049 eura
1225 2995 1322 3049 dicitur
1337 2995 1420 3059 locris,
1439 2996 1484 3048 ubi
1500 2996 1632 3064 publicum
1647 2995 1737 3049 conei-

953 3085 1019 3138 lium
1034 3083 1156 3140 liabetur.
1172 3086 1317 3141 aericum.

917 3169 939 3229 C
990 3174 1059 3229 Esne
1074 3171 1132 3235 ὄνος
1144 3177 1209 3248 πρὸς
1219 3174 1305 3248 lipsii
1320 3176 1365 3231 Sic
1383 3176 1472 3244 legere
1488 3186 1529 3230 est
1547 3177 1574 3229 iu
1595 3174 1739 3243 exemplari
1791 3200 1796 3207 ·

954 3264 1023 3333 qood
1036 3263 1152 3318 ioannes
1165 3265 1297 3320 Caesarius
1313 3266 1391 3319 birino
1407 3267 1576 3321 doctissimus
1588 3266 1653 3321 urilri
1668 3280 1740 3320 eom·

955 3353 1072 3408 modarit
1089 3372 1094 3406 :
1111 3355 1180 3423 quod
1196 3357 1391 3425 iuterpretatur,
1404 3357 1503 3411 Asinus
1518 3372 1547 3412 es
1558 3356 1591 3409 ad
1605 3357 1698 3426 lyessa.
1714 3356 1741 3409 ln

954 3449 1072 3515 ejusdem
1098 3451 1217 3517 margine
1240 3447 1299 3501 baec
1320 3447 1451 3502 labentur
1475 3446 1588 3516 ascripta
1611 3464 1618 3498 t
1639 3448 1655 3505 ἥ
1678 3448 1743 3521 πρὸς

954 3539 1032 3612 λύραν
1047 3534 1202 3602 inscribite,
1217 3538 1242 3592 id
1257 3548 1307 3601 εει,
1324 3539 1364 3591 bn
1388 3539 1421 3592 ad
1442 3539 1525 3609 lyram
1548 3538 1691 3592 asinusesl
1715 3538 1743 3592 ln

956 3632 1069 3698 epistola
1091 3647 1155 3686 roro
1178 3633 1212 3685 ab
1233 3629 1376 3685 AEdicollio
1391 3632 1423 3684 ad
1438 3646 1481 3685 nie
1495 3632 1572 3696 data,
1588 3632 1672 3686 lines
1690 3628 1744 3691 ὄνος

956 3724 1049 3798 >apost
1064 3723 1191 3788 subaudi,
1207 3725 1347 3796 ἀκροὰτεε,
1364 3724 1389 3778 iu
1406 3733 1457 3790 εει,
1474 3738 1503 3778 es
1518 3723 1607 3778 asinus
1619 3724 1682 3792 lyrae
1698 3739 1745 3777 au·

957 3815 1093 3869 scrutator.
1111 3814 1265 3884 llodolpltus
1283 3815 1406 3884 Agricola
1426 3815 1545 3868 exaltarit
1558 3813 1650 3869 Craeea
1674 3813 1746 3868 bati-¹

957 3906 998 3959 nis
1016 3906 1128 3970 litteris,
1144 3907 1252 3959 forsitan
1271 3921 1303 3960 eo
1322 3905 1392 3976 quod
1410 3907 1432 3960 is
1447 3905 1522 3975 eujus
1544 3907 1601 3960 usui
1617 3905 1752 3962 scriberet

958 3997 1049 4051 Craaca
1068 3998 1191 4052 troseirct.
1211 3996 1280 4053 Sunt
1299 4007 1387 4052 autem
1403 3997 1460 4052 baec
1476 4013 1483 4050 ι
1498 3995 1564 4069 'apa
1578 3993 1601 4052 εἶ
1612 3994 1668 4057 ὄνος
1681 3998 1751 4072 πρὸς.

957 4088 1049 4166 lipom
1074 4089 1099 4143 id
1122 4098 1172 4152 est,
1193 4090 1233 4144 lin
1249 4105 1279 4144 es
1301 4089 1392 4143 asinus
1414 4090 1446 4144 ad
1463 4090 1565 4160 lyram?
1580 4090 1681 4143 llicitur
1696 4088 1748 4144 lroc

959 4182 1080 4249 adagium
1096 4181 1122 4234 in
1142 4194 1188 4235 eos
1206 4180 1250 4249 qni
1266 4181 1355 4235 bebeti
1370 4179 1564 4250 strutingenio,
1580 4177 1679 4234 crassis
1700 4192 1748 4233 au-

960 4273 1043 4339 ribus,
1059 4273 1209 4341 nulliusque
1222 4273 1327 4340 judicii,
1341 4273 1375 4326 ita
1390 4283 1419 4327 ut
1431 4288 1462 4327 ea
1482 4287 1542 4340 quas
1563 4271 1686 4324 dicuutur
1697 4270 1749 4323 mi·

961 4379 1010 4418 rius
1032 4362 1290 4433 intelligant.1)iuus
1317 4364 1495 4431 llierouymus
1520 4358 1552 4413 ad
1571 4358 1745 4413 Marcellam:

962 4454 1042 4507 ilsino
1063 4456 1161 4522 quippe
1185 4453 1240 4522 lyra
1262 4453 1395 4520 superbus
1420 4450 1500 4504 earrit.
1526 4447 1597 4501 ldcm
1620 4447 1748 4501 :adversus

925 4525 1134 4613 ”vigilantium
1164 4560 1169 4593 :
1193 4541 1348 4610 Quanquam
1371 4540 1452 4593 stulte
1478 4540 1592 4601 luciam,
1622 4537 1750 4605 uragistro

964 4641 1118 4687 cunctorum
1139 4635 1277 4700 magistros
1293 4644 1429 4699 quarere,
1450 4638 1477 4683 ει
1496 4626 1643 4682 elmodam
1665 4627 1750 4696 impo-

965 4737 1042 4782 nere.
1054 4722 1098 4788 qui
1120 4720 1190 4789 loqui
1206 4720 1306 4785 nescit,
1321 4731 1346 4773 et
1362 4728 1450 4772 tacere
1469 4734 1521 4770 nius
1538 4726 1634 4785 polest.
1651 4716 1749 4770 Verum

964 4827 1003 4867 cst
1019 4812 1081 4867 illud
1098 4814 1167 4880 apud
1186 4811 1294 4866 Grecos'
1309 4810 1492 4878 partirerbinm
1507 4807 1581 4870 ὀνες
1593 4811 1682 4884 λύρας.
1698 4809 1759 4862 Lu·-

965 4906 1057 4958 eianus
1070 4905 1103 4959 de
1119 4905 1151 4958 iis
1164 4905 1208 4973 qui
1223 4902 1346 4958 nterecde
1359 4903 1478 4957 seruiunt
1493 4920 1499 4953 :
1513 4901 1580 4968 Quid
1595 4900 1751 4956 reorrnnoreii

964 4998 1039 5050 asino
1052 5011 1111 5050 eum
1125 4995 1199 5065 lyral
1211 4993 1356 5065 ἐξαύδα,μὴ
1365 4996 1434 5048 κεῦθε
1446 4995 1501 5065 νόῳ.
1513 4995 1539 5045 ln
1546 4991 1653 5047 Caesarii
1662 4990 1752 5047 libello

964 5089 1020 5142 lrac
1031 5088 1123 5142 Graeca
1138 5097 1215 5151 sunt,
1230 5101 1288 5155 quae
1305 5087 1343 5140 sic
1361 5085 1569 5154 interpretantur
1586 5101 1592 5136 :
1607 5083 1751 5153 Eloquere,

964 5197 997 5236 nu
1007 5181 1127 5235 occultes
1140 5180 1292 5234 intellectui.
1304 5181 1387 5243 Quauu
1403 5179 1478 5234 dedit
1491 5178 1651 5233 AEdieoiiius
1661 5177 1694 5232 ad
1708 5191 1752 5231 tue

964 5273 1102 5339 epistolam
1126 5273 1182 5324 bac
1203 5269 1279 5323 babet
1299 5288 1305 5324 :
1325 5269 1437 5341 ἐξεηέευ
1459 5274 1527 5340 ἐμοὶ,
1554 5272 1579 5323 ts
1599 5273 1643 5340 μιν
1668 5267 1767 5339 ἀδήλῳ..

966 5363 1117 5416 videaturad
1129 5362 1219 5422 πείθω,
1235 5375 1293 5430 quae
1305 5361 1344 5413 sie
1365 5361 1427 5413 licet
1444 5358 1627 5426 interpretari,
1644 5357 1767 5423 Expone*

965 5450 1041 5516 milti,
1058 5450 1083 5503 iu
1096 5453 1198 5504 incerto
1213 5448 1320 5518 quidem
1334 5448 1394 5517 poni
1410 5461 1460 5500 uon
1475 5446 1584 5500 suadeo.
1598 5442 1768 5512 llodolpltus.

966 5546 1028 5616 legit
1048 5548 1105 5601 itaec
1122 5548 1233 5603 Gtaectt:
1254 5545 1460 5616 'Hispeldpnertm
1476 5540 1642 5604 circinari,
1661 5537 1686 5592 id
1699 5543 1770 5596 osb„

965 5636 1099 5692 Conlitere
1111 5637 1173 5707 quid
1188 5646 1213 5690 lc
1227 5636 1378 5690 contristet.

1003 5733 1173 5790 bibliotheca.
1188 5725 1280 5780 Graece
1295 5724 1455 5794 βεόιεεθικε,
1470 5722 1655 5793 repositorium
1671 5719 1772 5776 libro·-
