3906 6180
233 286 284 349 att

795 290 931 347 euanuit
948 288 1098 346 eelscuet
1119 291 1304 350 rtetdsltSls

1797 290 1852 349 21⁶

231 404 398 470 llicemeris,
413 405 457 475 qai
473 411 534 458 utne
548 401 671 458 secundis
685 401 719 455 ab
738 400 883 454 Aartltemio
899 403 1017 468 princtpe
1031 407 1054 462 Α
1070 417 1174 468 patera,
1198 408 1230 458 ad
1257 406 1421 464 {licernorcm
1446 407 1585 476 patrie'uxo
1606 412 1722 474 perrexit
1741 421 1748 460 r
1768 373 1853 477 aquo

232 495 345 554 habenis
364 495 553 564 rempublicam
575 493 754 562 gubernabat,
767 491 870 545 detulit.
887 492 952 545 Nam
967 493 1017 544 irn-

231 599 356 656 peratore
377 586 469 640 Romae
492 585 588 654 posita,
604 583 776 637 seminarium
799 583 933 640 intereos
952 582 1018 651 jecit

232 677 350 731 scandali
365 676 412 730 illa
430 690 488 744 qnae
506 673 675 728 dominantes
689 682 849 740 sequestrat,
865 673 974 738 inuidia,
990 682 1018 727 et

233 781 281 835 par
294 765 408 836 dignitas
422 778 504 818 causa
516 764 668 819 discordiae.
690 763 848 818 Surreaerat
860 763 930 818 enim
944 756 1017 817 tonia

233 855 321 910 rabies
335 864 414 923 atque
429 852 570 919 dissensio,
586 864 615 908 ιιι
627 861 718 908 ιιιιιιιιο
733 852 803 906 bella
823 862 1016 922 praepararent;

232 955 259 1000 et
275 953 450 1016 praeterquam
461 945 538 1014 origo
551 945 648 1000 irarum
664 946 785 1014 proprios
799 943 958 1013 suggerebat
972 944 1018 997 sti·

232 1035 331 1100 mulos,
344 1035 377 1088 lis
389 1034 439 1088 ista
452 1035 681 1090 eirctuustantinm
702 1034 817 1089 consilto
838 1034 1018 1090 nutriebatur.

232 1124 355 1186 llutabat¹
375 1132 465 1180 status
488 1126 661 1194 periclitantis
685 1125 778 1189 ltaliae,
801 1133 828 1179 ιι
852 1124 1019 1193 aldigebatnr

233 1215 298 1284 ipsis
312 1215 511 1270 discriminibus
532 1216 649 1285 gratius,
662 1215 725 1269 dnm
746 1216 918 1284 exspectabat
931 1214 1018 1268 lutttra

232 1305 400 1359 discrimina..
412 1305 514 1359 Interea
529 1304 598 1373 apud
619 1305 781 1359 Riccmerem
799 1306 946 1373 patricium,
964 1305 1018 1358 lle·

233 1395 331 1450 diolani
347 1410 377 1449 ea
397 1403 555 1462 tempestate
573 1394 744 1457 residentem,
761 1395 790 1473 ιιι
803 1395 925 1448 collectio
940 1394 1019 1463 Ligu·

233 1501 292 1540 rum
307 1486 453 1540 nobilitatis
466 1504 472 1539 ε
484 1487 529 1554 qni
544 1486 619 1541 [lexis
632 1487 742 1555 genibus
756 1486 868 1555 soloque
881 1486 1018 1554 prostrati,

1069 493 1147 545 sixnrrl
1163 495 1234 547 visus
1251 505 1279 549 ct
1296 497 1397 551 electus
1411 506 1459 554 est.

1104 582 1225 640 blandato
1239 600 1303 654 ergo
1326 587 1376 641 sibi
1400 586 1537 657 legationis
1557 585 1661 650 ordine,
1676 585 1787 642 Romam
1803 601 1850 655 pe·

1068 673 1118 730 tiit.
1145 675 1173 728 la
1198 690 1251 744 quo
1272 675 1366 732 itinere
1389 677 1451 746 quid
1472 677 1652 732 molestiarum
1681 678 1850 743 sustinuerit,

1068 769 1166 837 quidue
1187 769 1312 824 virtutum
1335 771 1458 841 gesserit,
1474 771 1601 827 lestinans
1616 771 1648 825 ad
1665 769 1766 840 maiora
1785 786 1852 839 prce·

1070 868 1152 913 terea.
1170 859 1228 912 llox
1250 868 1338 915 tamen
1357 871 1485 930 utsupra
1504 861 1581 916 dicte
1602 861 1674 917 urbis
1696 870 1786 930 portas
1809 862 1849 916 in·

1068 961 1175 1015 gressus
1184 957 1234 1011 est,
1247 947 1314 1003 lama
1325 964 1385 1019 quae
1395 950 1532 1005 absentem
1545 950 1620 1004 illum
1635 958 1725 1004 notum
1742 951 1853 1015 lecerat,

1068 1041 1150 1110 digito
1175 1042 1256 1112 caepit
1283 1043 1434 1099 ostendere.
1470 1042 1597 1099 Conversi
1632 1043 1703 1097 illico
1733 1045 1852 1098 omnium

1069 1131 1149 1193 oculi,
1165 1142 1323 1201 stupuerunt
1337 1141 1440 1188 mentes
1461 1133 1592 1196 attonitae,
1603 1131 1674 1201 quod
1688 1140 1788 1186 tantam
1803 1132 1854 1188 sibi

1070 1221 1189 1276 exbiberi
1215 1223 1390 1276 reverentiam
1416 1222 1504 1291 imago
1526 1221 1583 1290 ejus
1607 1220 1684 1276 index
1706 1223 1855 1278 sanctitais

1069 1311 1225 1379 requireret.
1244 1311 1462 1382 ⁸inexplicabilis
1482 1326 1510 1365 se
1529 1311 1612 1380 culpe
1634 1327 1707 1367 reum
1724 1311 1854 1368 latebalur

1070 1401 1181 1469 quilibet
1200 1411 1348 1470 potentum,
1363 1404 1389 1457 si
1411 1410 1511 1456 tantum
1534 1417 1619 1471 genna
1638 1402 1695 1471 ejus
1716 1403 1855 1471 amplexus

1069 1502 1110 1547 est
1130 1492 1293 1546 :tollebatur
1311 1493 1414 1548 clamor
1437 1493 1466 1546 in
1485 1493 1580 1547 coelutu
1602 1510 1608 1544 ι
1627 1506 1707 1547 nemo
1729 1493 1803 1547 illum
1828 1494 1854 1547 in

235 1591 326 1643 pacem
341 1577 452 1632 orabant
465 1577 624 1646 principum,
638 1587 665 1632 ιι
677 1586 705 1631 ιιι
718 1577 751 1633 ab
764 1577 890 1632 scandalo
901 1586 1020 1646 utraque
1070 1583 1219 1637 moralium
1236 1599 1347 1638 numero
1369 1582 1551 1651 computabat,
1565 1583 1607 1636 cui
1625 1583 1713 1636 omnia
1735 1583 1856 1638 coelcstis

234 1676 327 1735 partes
338 1667 502 1732 desinerent,
515 1668 669 1722 occasiones
693 1669 785 1737 gratias
807 1669 841 1721 ab
859 1684 913 1723 ntra
928 1684 1020 1738 preca·
1071 1673 1161 1742 gratim
1176 1672 1301 1727 ridebant
1323 1673 1390 1727 bona
1405 1682 1537 1727 constare.
1556 1672 1690 1727 Perlertnr
1703 1674 1736 1726 ad
1754 1675 1852 1738 princi-

234 1759 331 1812 bantnr
354 1758 453 1817 oterrt.
478 1759 546 1824 Quid
565 1759 640 1827 plura
660 1760 817 1813 contexam?
830 1759 961 1813 mulcetur
974 1760 1020 1815 tai-
1035 1753 1058 1814 Β
1071 1777 1131 1832 pem
1145 1762 1326 1831 Anthemium,
1337 1762 1423 1816 studio
1435 1762 1575 1830 legationis
1583 1760 1736 1830 episcopum
1749 1763 1854 1818 acuisse

234 1865 333 1912 center,
349 1859 376 1904 et
400 1850 470 1906 nelle
493 1865 522 1905 se
543 1865 669 1920 reparare
691 1851 860 1906 concordiam
884 1862 1020 1920 permotus
1070 1853 1192 1923 Liguria,
1209 1853 1343 1907 bominem
1361 1867 1440 1921 quem
1468 1851 1555 1905 nallus
1578 1852 1661 1917 possit
1676 1852 1758 1906 etiam
1779 1851 1855 1906 dixcs

236 1942 377 1995 multorum
393 1941 498 1996 lletibus
514 1942 685 2010 pollicerent
700 1942 752 1998 Sed
769 1943 838 2012 quis,
853 1942 898 2006 ait,
914 1943 1020 2012 potissi·
1069 1945 1175 2013 eloquio
1185 1943 1497 2008 saluciaateroxpoaero.
1509 1943 1542 1995 At
1553 1941 1625 2004 ille,a
1640 1938 1737 1994 Callida
1748 1955 1853 1996 raecum

235 2047 307 2085 mum
323 2031 404 2099 liujus
416 2033 553 2102 legationis
577 2035 678 2102 pondus
697 2035 828 2101 excipiet?
848 2049 925 2104 quem
941 2044 1020 2090 untae
1070 2032 1191 2090 llicemer
1203 2043 1231 2089 et
1246 2035 1271 2087 in
1290 2032 1466 2102 legationibus
1480 2031 1535 2086 suis
1559 2042 1616 2085 arte
1637 2032 1753 2086 decertat
1767 2031 1855 2086 :tales

235 2121 390 2177 molisenra
407 2127 531 2179 maneatl
552 2125 611 2194 quis
624 2136 665 2180 est
679 2125 724 2194 qui
740 2127 747 2155 ¹
762 2124 882 2180 Galatam
904 2125 1020 2180 eoncita-
1070 2126 1168 2194 dirigit,
1184 2102 1234 2193 qni'
1244 2124 1437 2193 supplicatione
1450 2130 1611 2189 expugnent,
1628 2136 1694 2190 qnos
1710 2120 1753 2175 ille
1772 2121 1858 2176 laces·

235 2219 290 2264 tum
306 2226 431 2267 reuocare
446 2215 568 2282 possitet
578 2214 742 2283 qai-iaetperot
756 2214 821 2268 Nam
832 2229 947 2283 semper,
959 2230 1019 2270 enm
1070 2215 1222 2283 sitinjoriis
1235 2233 1241 2266 :
1255 2213 1390 2281 perducite
1405 2221 1491 2266 tamen
1515 2211 1547 2264 ad
1572 2227 1613 2264 tue
1633 2211 1768 2265 bominem
1789 2211 1855 2266 Dei:

236 2309 343 2369 rogatur
366 2304 513 2370 exuberat,
536 2306 579 2374 qui
604 2306 670 2360 iram
701 2307 814 2360 naturali
838 2307 1021 2363 moderatione
1070 2307 1114 2375 qui
1138 2305 1159 2360 si
1182 2304 1315 2372 possibilia
1343 2313 1479 2371 precatur,
1504 2301 1659 2371 adttrittam3
1678 2302 1701 2356 si
1723 2301 1855 2366 dillicilia,

236 2409 289 2447 raon
302 2395 436 2448 terminat.
453 2414 462 2446 t
481 2395 555 2450 Tunc
570 2411 623 2450 uno
641 2411 734 2459 omnes
746 2410 791 2451 ore
803 2398 1000 2467 responderunt
1013 2416 1019 2451 :
1070 2396 1225 2465 supplicabo
1236 2410 1268 2450 ue
1279 2375 1477 2451 excusationem
1491 2408 1576 2447 meam
1586 2400 1710 2462 gravetur
1722 2393 1855 2462 accipere.

239 2501 249 2532 a
271 2481 367 2537 llester
378 2485 560 2539 tantummodo
573 2487 611 2549 ,ad
627 2502 717 2555 pacem
729 2488 875 2542 declinetur
884 2503 1019 2546 assensus.
1071 2488 1168 2543 babilo
1184 2497 1270 2540 tamen
1286 2501 1318 2538 an
1335 2486 1456 2539 [licenter
1471 2483 1539 2551 apud
1554 2498 1607 2548 me,
1618 2483 1688 2551 quod
1701 2485 1796 2550 poscit,
1809 2484 1856 2537 ob-

236 2571 284 2627 Ειι
299 2573 376 2627 nobis
396 2588 511 2642 persona·
524 2590 608 2642 nuper
627 2575 660 2629 ad
683 2577 861 2631 sacerdotium
874 2578 1022 2633 Ticinensis
1072 2581 1154 2634 ttaeat
1168 2597 1174 2632 :
1186 2577 1260 2647 cajm
1274 2577 1329 2631 scio
1342 2584 1462 2629 votorum
1484 2573 1705 2640 intemperantem
1720 2586 1778 2628 este
1796 2583 1856 2642 per·

236 2664 309 2718 urbis
330 2663 440 2730 adscita,
454 2666 497 2720 cui
516 2676 543 2721 et
561 2666 661 2721 belluae
679 2667 777 2730 rabide
800 2669 1021 2724 colla¹submit·
1072 2685 1181 2734 sonam,
1206 2678 1231 2723 et
1257 2668 1283 2721 in
1310 2662 1508 2720 conditionibus
1540 2660 1718 2730 proponendis
1747 2661 1857 2716 rationis

237 2763 294 2809 tunt
307 2774 313 2808 ι
327 2755 371 2810 cui
393 2766 455 2811 ante
477 2771 569 2826 preces
592 2758 720 2813 ulieratur
741 2759 909 2824 beneficium,
923 2761 1022 2829 quoda
1073 2763 1214 2817 ternrinunt
1229 2775 1281 2812 non
1302 2770 1403 2812 tenere.
1419 2755 1471 2809 sod
1487 2754 1575 2808 teniat
1598 2752 1716 2810 directus
1733 2754 1856 2818 antistes,

235 2845 354 2913 quolibet
374 2847 505 2915 petiturus
526 2847 733 2903 advenerit:cni
749 2857 790 2904 est
810 2850 899 2905 vultus
912 2850 972 2906 ritae
987 2851 1023 2905 si·
1073 2860 1102 2908 et
1122 2851 1252 2905 laudatam
1270 2847 1429 2918 jampridem
1453 2851 1595 2914 presentet
1618 2842 1758 2911 elligiema
1776 2842 1857 2913 Egre·

236 2933 318 3002 milis,
333 2950 416 3002 qucm
427 2939 547 2991 venerari
563 2939 646 3005 possit
664 2939 825 3008 quicunque,
841 2940 863 2995 si
875 2949 915 2994 est
928 2941 1022 2996 eatbo·
1073 2945 1182 2999 dinatur
1204 2944 1290 2997 allicio
1316 2943 1380 2996 urbe
1403 2949 1456 2996 tota
1483 2939 1608 3007 palatina.
1634 2937 1718 3003 iube,
1734 2937 1855 3007 rogaris·

236 3026 302 3080 licus
315 3035 342 3081 et
357 3027 505 3092 Romanum
522 3043 613 3084 amare
632 3041 714 3094 certe,
728 3030 751 3085 si
775 3029 866 3084 ridere
889 3039 1023 3085 mereatur
1075 3038 1199 3093 audiebat
1213 3037 1365 3105 episcopus.

236 3126 263 3172 et
279 3117 424 3175 Graeculus
439 3120 498 3175 tara
513 3120 535 3174 si
558 3120 590 3174 ad
605 3135 756 3177 sermonem
780 3122 851 3176 iliius
873 3124 1020 3190 veniamus,
1037 3117 1061 3180 G
1112 3128 1146 3183 ιιι
1160 3126 1318 3182 uenerabilis
1331 3137 1358 3179 et
1370 3123 1475 3178 saeculis
1495 3121 1616 3176 omnibus
1631 3119 1757 3187 probatus
1769 3116 1859 3186 ponti·

237 3223 370 3276 nunqnam
384 3209 423 3263 sic
435 3209 507 3264 diras
520 3210 625 3278 aspides
638 3213 778 3266 verborum
800 3212 888 3280 digitis
904 3213 1022 3267 incanta-

237 3304 280 3350 tor
293 3297 436 3352 Thessalus
451 3299 573 3351 violentis
594 3301 692 3366 poterit
713 3314 825 3355 evocare
848 3303 1020 3371 carminibus,

238 3386 371 3454 quomodo
395 3386 440 3441 ille
465 3387 587 3441 ellectum
614 3390 745 3456 petitionis
768 3405 824 3444 suae
847 3407 862 3444 a
886 3394 1023 3461 negaturis

237 3484 389 3545 extorquet.
400 3476 500 3533 Pendet
510 3476 536 3532 in
547 3479 656 3533 arbitrio
667 3479 735 3546 eius,
744 3494 804 3533 cum
819 3480 889 3550 loqui
901 3483 1023 3549 caeperit,

239 3571 369 3624 tenentia
393 3570 536 3624 audientis.
558 3570 659 3625 Pendet
670 3572 715 3639 jus
727 3587 815 3635 suurn,
831 3574 874 3642 qiu
896 3589 1024 3630 excusare

240 3662 381 3730 disposuit,
395 3661 470 3714 stalli
494 3661 626 3731 allegandi
646 3664 721 3732 copia
745 3665 932 3719 concedatur.»
949 3665 1024 3720 'lunc

241 3752 366 3821 patricius
389 3752 513 3809 Rieemer
536 3756 570 3808 ita
599 3756 734 3824 respondit
751 3774 781 3809 :r
800 3757 899 3812 Detulit
923 3759 956 3811 ad
983 3772 1025 3812 me

240 3842 312 3897 laune
332 3842 467 3899 bominem
481 3859 559 3916 quem
575 3841 808 3915 exponitislania
823 3849 967 3917 gloriosum
980 3865 988 3905 ι
999 3857 1026 3904 ιι

241 3934 267 3986 ιιι
282 3933 333 3988 hoc
345 3935 431 4006 magis
451 3936 620 3991 admirationi
635 3937 700 3992 ruihi
714 3945 766 4003 est,
779 3938 849 4007 quod
872 3953 965 3993 omnes
980 3939 1026 3992 ba·

241 4022 303 4078 beat
327 4025 493 4091 laudatores;
520 4027 608 4081 nullos
631 4027 689 4096 ejus
713 4028 809 4096 quibus
833 4043 879 4096 per
901 4027 1025 4082 invidiam

242 4115 378 4177 abundare
399 4116 469 4172 solet
484 4117 598 4182 auritas,
614 4118 700 4185 prodit
715 4118 847 4173 inimicos.
862 4120 900 4174 lte
914 4133 987 4186 ergo,
1000 4128 1027 4173 ιι

242 4216 332 4276 rogate
342 4208 476 4263 bominem
489 4209 545 4274 Dei,
555 4219 584 4262 ut
593 4210 710 4264 ambulet
722 4228 730 4264 ε
740 4211 843 4282 jungite
855 4213 935 4266 etiam
952 4224 1025 4265 nxeas

242 4314 368 4369 preesse
387 4300 494 4369 Egressi
517 4300 550 4355 de
572 4301 686 4355 consilio
708 4303 753 4370 (aa
776 4301 917 4364 eoncilioil
935 4303 1027 4356 statim

243 4390 362 4449 'licinum
378 4400 481 4461 petunt,
496 4407 609 4447 eausam.
625 4403 744 4457 tramant,
758 4392 839 4458 lusis,
855 4402 883 4448 ut
897 4395 976 4448 istum
989 4393 1027 4446 la·

242 4577 295 4632 mis
306 4594 314 4630 ι
326 4576 370 4645 qui
392 4591 426 4630 rte
446 4580 602 4631 extenuaret
621 4573 794 4637 berxeltcium,
806 4573 828 4626 si
845 4571 914 4626 lilios
927 4571 1028 4626 diutina

242 4667 436 4737 supplicatione
457 4673 604 4735 torqueret,
622 4663 765 4717 antecessit
783 4661 914 4717 desideria
936 4669 1028 4729 postu-

244 4758 343 4812 lantum
358 4776 364 4811 :
377 4771 447 4828 qnos
459 4766 547 4811 tamen
563 4755 652 4810 taliter
665 4755 796 4810 allocutus
807 4763 864 4809 est:
880 4773 890 4807 t
903 4752 1029 4820 Quamvis

245 4853 325 4899 tauta
344 4848 382 4900 rei
402 4848 548 4901 necessitas
573 4847 766 4915 probatissimae
791 4836 1030 4915 personmfftondus

245 4935 370 5004 inquirat,
387 4943 414 4988 et
428 4936 523 4990 titubet
533 4938 584 4991 sub
598 4936 671 5006 gravi
684 4936 755 4990 fasce
776 4937 890 5004 portitor
904 4936 1029 4989 immatu-

245 5038 301 5085 rus,
312 5024 435 5079 allectum
447 5033 536 5081 tamen
546 5041 625 5095 quent
635 5027 720 5082 debeo
731 5026 824 5094 patria
835 5041 887 5080 non
899 5024 1029 5094 negabo.»

244 5114 346 5184 Quibus
368 5116 484 5172 breviter
509 5119 643 5185 narratis,
665 5117 800 5187 quomodo
825 5126 883 5172 erat
906 5117 1031 5186 loquendi

245 5230 399 5286 eatltedram
415 5245 499 5297 nuper
519 5229 647 5284 adscitus.
670 5232 757 5296 Qtrare
773 5244 832 5284 cum
853 5237 961 5282 octavus
975 5228 1033 5296 ejus

243 5316 342 5366 annus,
359 5309 387 5354 ιιι
400 5309 490 5369 postea
505 5299 617 5363 dicetur,
632 5301 754 5354 inciderit
766 5300 794 5354 in
811 5309 928 5366 tempora
943 5297 1031 5365 Nepo-

246 5376 289 5436 tis,
305 5372 417 5439 primam
434 5371 501 5424 itanc
515 5369 672 5438 legationem
691 5371 742 5425 sub
761 5384 858 5424 aunum
879 5369 930 5424 lue
945 5367 1033 5424 conti·

244 5449 601 5580 ιὶιδὶωιι2ιθιιοιῗιδιιειθεξῗιξιιιιιιιιι]
612 5509 780 5563 Αιιιιιιιιιιιιιιι
792 5524 869 5577 quem
883 5507 1032 5562 Graeculum

247 5595 308 5635 attor
336 5591 422 5637 vocat.
452 5580 576 5636 Sidonius
601 5585 663 5634 item
692 5579 728 5649 de
752 5581 877 5633 Att'atttiu
902 5579 1032 5632 scribens.

247 5650 358 5716 pjrtsqne
373 5652 469 5707 litteris
482 5651 514 5706 ad
530 5651 653 5706 Ettricum
672 5650 718 5706 lib,
734 5665 754 5712 r,
768 5651 848 5719 epist.
865 5649 899 5704 i:
916 5647 976 5702 llaec
1001 5646 1035 5695 ad

249 5735 334 5797 tegern
353 5719 492 5778 Gctbornttt
512 5722 601 5777 oborta
619 5721 748 5775 ridebatur
767 5721 856 5783 emitti,
870 5734 956 5787 pacem
979 5731 1034 5767 crata

1076 3218 1129 3283 lex,
1147 3225 1315 3284 posteaquam
1332 3216 1509 3281 introgressus
1531 3221 1583 3277 est,
1597 3219 1624 3265 et
1639 3208 1787 3277 qtrolereadi
1801 3221 1855 3261 ser«

1074 3309 1159 3361 mainis
1181 3307 1293 3360 donatas
1317 3305 1431 3368 licentia,
1446 3303 1568 3371 quamvis
1584 3299 1698 3368 iugitieae
1719 3296 1858 3366 potestatis

1075 3397 1203 3463 insignia,
1225 3406 1325 3450 ostrum
1349 3406 1520 3463 gemmasque
1544 3391 1683 3445 rutilantes
1706 3385 1861 3443 reverendae

1075 3488 1196 3556 imaginis
1213 3462 1315 3556 lulgbre
1329 3484 1517 3553 compresserit
1529 3482 1638 3552 (elerum
1652 3478 1727 3548 quasi
1750 3477 1860 3531 absente

1076 3579 1251 3646 imperatore,
1268 3576 1302 3628 ita
1328 3577 1353 3628 iu
1377 3589 1407 3628 se
1431 3573 1523 3627 oculos
1547 3577 1662 3627 traxerat
1682 3564 1860 3634 singulorum)

1076 3667 1121 3721 tali
1152 3666 1301 3720 narratione
1330 3664 1474 3732 incipieus,
1496 3663 1604 3727 januam
1631 3659 1685 3713 oris
1705 3654 1857 3711 reserarit:

1079 3778 1088 3810 a
1107 3759 1214 3814 Summa
1237 3757 1353 3812 calonis
1377 3757 1492 3820 bomini,
1508 3752 1657 3808 uenerande
1671 3748 1802 3820 princeps,
1818 3752 1858 3800 est

1076 3835 1243 3902 ordinatione
1257 3845 1423 3913 dispositum,
1439 3853 1467 3897 ut
1481 3843 1521 3896 cui
1538 3849 1617 3894 tantae
1631 3836 1781 3905 reipublice
1795 3847 1861 3888 cura

1076 3936 1263 3999 mandabatur,
1278 3950 1324 4002 per
1338 3935 1474 3988 catbolicae
1488 3932 1547 3984 lldei
1562 3928 1657 3998 dogma
1674 3927 1755 3980 beura
1770 3932 1799 3978 et
1812 3936 1860 3976 au·

1076 4037 1177 4083 ctorem
1193 4033 1222 4080 et
1243 4036 1387 4079 amatorem
1405 4025 1508 4091 pietatis
1525 4024 1696 4089 agnoscerem
1713 4029 1761 4084 per
1782 4027 1862 4083 quent

1078 4118 1206 4171 bellorum
1222 4117 1336 4169 lurorem
1353 4113 1424 4182 pacis
1438 4126 1510 4168 arma
1522 4097 1704 4176 coniungunt,
1718 4114 1746 4160 et
1757 4105 1862 4158 calcans

1077 4208 1145 4262 solla
1157 4206 1288 4276 superbie
1301 4202 1443 4268 concordia
1458 4207 1575 4268 superat,
1585 4196 1654 4266 quod
1669 4194 1797 4250 iortitudo
1809 4208 1863 4247 non

1079 4297 1214 4366 prevalet.
1229 4294 1273 4348 Sic
1287 4307 1402 4362 namque
1423 4289 1504 4346 David
1529 4285 1723 4358 praedicabilem
1738 4281 1862 4354 parcendi

1080 4388 1164 4457 magis
1179 4386 1286 4439 inimico
1299 4383 1403 4438 animus
1415 4380 1539 4443 reddidit,
1553 4392 1632 4448 quam
1647 4374 1760 4431 intentio
1772 4370 1864 4426 vindi·-

243 4485 335 4541 borem
355 4484 513 4553 susciperet,
529 4483 621 4538 beatus
638 4484 801 4552 Epiphanius
823 4492 930 4551 rogatur
943 4484 1028 4553 lacry-
1043 4472 1066 4530 D
1079 4478 1165 4532 caudi.
1183 4477 1228 4532 Sic
1241 4474 1350 4544 perlecti
1362 4472 1520 4529 seculorum
1542 4483 1618 4539 reges
1632 4477 1659 4523 et
1678 4464 1787 4527 domini,
1802 4476 1860 4530 snp-

1082 4557 1859 4639 plicantibusindulgerecoelestiartedidicerantsnpernr

1083 4673 1196 4727 namque
1210 4655 1397 4711 namtaadoais
1413 4655 1497 4708 instar
1520 4651 1648 4721 possidet,
1660 4649 1706 4718 qui
1726 4646 1855 4715 impetiar
1871 4698 1873 4706 Α

1082 4765 1158 4804 snum
1179 4749 1274 4816 pietate
1297 4746 1431 4800 sublimat.
1454 4744 1512 4798 lloc
1526 4757 1590 4812 ergo
1606 4739 1679 4794 ltalia
1696 4746 1785 4793 restra
1800 4736 1848 4789 irat

1080 4839 1198 4909 judicio,
1224 4837 1264 4892 rel
1288 4837 1409 4891 llicemer
1432 4832 1573 4904 patricius,
1598 4830 1755 4900 parcitatem
1782 4839 1866 4879 carram

1084 4931 1185 4986 ‘oratu
1210 4927 1305 4983 direxit
1322 4925 1526 4981 :indubitanter
1549 4920 1710 4990 conjiciens,
1724 4914 1793 4984 quod
1817 4912 1865 4967 llo·

1086 5022 1202 5077 manusl
1218 5021 1272 5074 ilco
1284 4993 1380 5073 munus
1403 5016 1510 5079 tribuat,
1525 5028 1604 5082 quam
1625 5018 1748 5078 precatur
1770 5018 1795 5060 et
1811 5005 1867 5058 bar

1085 5115 1176 5170 barus.
1185 5113 1241 5167 Erit
1252 5113 1322 5166 enim
1336 5111 1485 5176 trinmpbus
1496 5106 1591 5161 vestris
1602 5105 1707 5172 proprie
1718 5098 1866 5170 prolaturus

1085 5223 1175 5278 Grato
1196 5223 1346 5290 inspectatore
1366 5218 1526 5272 dissrtadens.
1549 5214 1670 5269 cranam
1692 5224 1805 5288 nautaque
1819 5207 1866 5286 im·

1088 5303 1237 5362 peratotem
1252 5290 1376 5359 appellat,
1389 5305 1439 5342 tion
1456 5289 1570 5341 Leonem
1585 5282 1730 5350 principem
1744 5280 1867 5357 barrinas.

1087 5365 1129 5416 cui
1141 5362 1179 5416 rei
1194 5361 1259 5415 nibil
1281 5368 1338 5413 erat
1352 5374 1411 5413 cum
1428 5357 1533 5418 Eurico,
1552 5354 1598 5407 sed
1613 5351 1784 5407 Atttlteminm
1799 5361 1843 5415 qut
1857 5359 1866 5400 ι

1089 5431 1189 5487 Gracia
1206 5444 1290 5498 nuper
1303 5438 1411 5483 exortus
1425 5427 1516 5480 Romae
1535 5422 1672 5492 regnabat.

1124 5504 1134 5532 ¹
1149 5501 1279 5563 Baliarici,
1295 5499 1450 5552 sabutitlttttl.

1126 5571 1135 5600 ³
1153 5570 1244 5624 Scluat.
1257 5580 1282 5622 et
1297 5568 1427 5632 bolland,
1443 5563 1617 5635 laeapiubilis.

1124 5641 1238 5693 'Sciant
1254 5648 1279 5691 cl
1296 5637 1373 5700 boll,
1388 5649 1497 5690 orotuut.

1125 5711 1239 5767 ”ii-leur.
1257 5708 1386 5760 liotttt'uus.
