3906 6180
130 299 184 355 519
406 304 438 359 ΙΝ
457 303 578 360 uanos
598 301 641 357 ot:
657 302 895 361 cosocanous
915 302 1450 362 1111105011Ιῶ.11011601111.
1711 309 1765 364 tto
1802 365 1807 375 ,

53 449 56 457 ·
128 417 313 478 domesticas
330 427 386 490 est,
400 418 637 497 aulicorumque
650 434 772 478 marum
786 424 849 477 tam
866 435 998 495 qnaras,
1021 434 1113 498 quam
1126 417 1165 480 ab
1179 419 1293 481 aulicis
1310 427 1417 480 notus.
1431 419 1488 483 llis
1503 421 1643 499 profani,
1661 420 1763 496 niella,

128 514 194 574 nisi
207 532 299 593 quam
314 516 398 590 forte
423 536 443 574 a
464 515 558 575 novis
575 515 798 593 interpretibus
818 525 1016 594 acceperunt,
1038 519 1154 590 pietate
1174 520 1455 587 commendantur:
1486 521 1536 580 tue
1553 536 1651 588 sacer,
1668 518 1764 581 cnst-

128 611 232 670 stiana
254 613 405 689 martyris
420 611 616 690 splendidius
641 631 732 690 qnam
756 615 896 673 Romano
915 615 1047 693 patricii
1072 616 1165 676 micat
1191 635 1347 694 purpura.
1376 619 1432 681 illi
1457 621 1491 681 in
1511 638 1575 679 seua
1602 618 1760 679 duntaxat

96 727 101 732 ·
127 707 252 773 dicendi
273 725 382 786 qenere
403 710 540 784 versati,
554 719 608 770 aut
624 711 760 770 solutam
772 714 840 772 sine
853 713 978 783 stricta,
1003 720 1060 772 aut
1075 713 1218 774 strictam
1234 716 1301 775 sine
1316 715 1608 780 soluta'orotionem
1622 718 1758 784 babent:

127 809 179 869 nte
192 811 355 890 utriusque
376 812 528 871 sermonis
542 812 777 887 scientissimus,
792 823 828 873 at
840 812 1009 891 persuadet
1024 823 1135 873 orator
1149 813 1293 892 eloquens
1305 859 1313 881 ‚
1331 818 1377 878 sic
1389 827 1482 895 poeta
1496 821 1601 881 suavis
1616 818 1759 879 deiectat.

127 912 187 973 ttts·
208 913 312 974 Musis
330 910 528 973 molitoribus
553 914 716 990 inspirati.
741 915 809 973 suis
825 915 988 976 sententiis
1010 914 1038 973 si
1055 933 1121 975 non
1145 914 1276 984 tadum,
1300 916 1401 976 itesam
1424 918 1593 978 ostendunt
1618 925 1760 983 mentem.

99 1030 105 1036 ·
127 1029 220 1088 quam
236 1025 348 1070 sanare
365 1019 522 1089 nequeunt
538 1030 549 1080 ‚·
564 1011 627 1084 bic,
649 1012 778 1072 docente
800 1013 952 1073 severiori
979 1012 1192 1091 pbilosopltio,
1210 1014 1475 1092 perturbationes,
1500 1034 1641 1079 errorum
1664 1019 1763 1080 vitio·

127 1127 256 1189 rumque
270 1123 390 1179 causes,
403 1110 449 1169 ito
460 1108 586 1187 deteqit.
600 1120 637 1169 ut
652 1108 693 1169 ad
707 1110 817 1169 mentis
835 1109 964 1171 salutem
983 1111 1116 1172 multam
1130 1112 1271 1191 conferre
1283 1131 1372 1191 posse
1386 1114 1542 1175 videatur.

168 1213 206 1274 Si
216 1229 288 1273 vero
304 1220 417 1273 auctor
434 1211 487 1272 ille
503 1210 611 1288 faciles
626 1211 666 1273 ad
680 1220 708 1271 te
725 1212 870 1276 babuerit
890 1216 1009 1286 aditus,
1026 1215 1237 1279 Sanansssrus
1252 1217 1432 1289 Danuuius.
1446 1219 1593 1299 majorem
1608 1219 1761 1282 doctrina

126 1313 314 1392 virtutisque
331 1314 536 1374 accessionem
549 1331 580 1371 se
593 1311 739 1390 sperabit·
749 1314 921 1392 foctcerum,
940 1334 1004 1377 non
1017 1315 1117 1375 solum
1131 1317 1165 1377 in
1180 1325 1229 1386 tc:
1253 1317 1306 1377 sed
1320 1319 1353 1380 iu
1370 1319 1512 1379 omnibus
1524 1319 1617 1380 etiam
1643 1320 1733 1382 adole
1753 1361 1758 1371 ·

125 1414 295 1487 scentibus,
308 1414 348 1475 ad
359 1433 448 1494 quos,
465 1412 581 1474 veluto
600 1417 701 1491 eapite
712 1413 753 1473 od
769 1414 913 1486 membra,
927 1421 1020 1495 reqioe
1034 1427 1093 1478 tua
1109 1418 1323 1478 institutionis
1340 1419 1441 1495 forma
1455 1418 1628 1482 derivatur.

166 1519 317 1595 Maqnum
330 1516 453 1596 quidem
467 1523 524 1589 est,
540 1524 569 1576 to
580 1514 814 1593 qeoqropbiam,
825 1516 1074 1595 cleronoloqiom,
1088 1516 1252 1578 ltistoriam
1264 1526 1325 1575 tam
1337 1520 1505 1597 profanam
1519 1538 1611 1599 quom
1623 1538 1756 1595 sacram,

126 1621 242 1681 eximio
266 1619 439 1680 Latinitate
460 1617 646 1691 cumulatos,
664 1618 885 1697 perfectissime
899 1622 1027 1689 callere:
1049 1622 1101 1682 sed
1122 1623 1212 1698 lonqe
1234 1623 1345 1701 majus,
1369 1624 1475 1693 iilius.
1504 1645 1596 1705 quam
1621 1629 1750 1690 insitam

126 1722 215 1783 babes
239 1739 308 1782 oum
330 1720 366 1782 de
380 1728 420 1796 te,
438 1728 501 1779 tum
525 1718 563 1778 de
582 1717 659 1789 Deo.
675 1717 802 1780 notitiae
817 1719 1081 1801 pbilosopnicum.
1109 1722 1194 1801 quod
1213 1722 1350 1783 Bosrros
1373 1724 1423 1785 bic
1440 1727 1593 1804 suqqerit,
1619 1731 1757 1805 accipere

126 1827 345 1886 incrementum
359 1843 369 1884 .·
386 1822 449 1883 illo
459 1821 569 1884 etenim
582 1821 707 1900 priores
721 1819 899 1900 disciplina
915 1823 990 1883 leuia
1004 1823 1189 1901 posteriori,
1202 1841 1267 1883 nan
1280 1843 1365 1884 secus
1381 1842 1419 1885 ov
1432 1829 1589 1907 mancipia
1606 1830 1753 1900 domina.

126 1925 331 2004 famulantur.
346 1926 413 1986 Hac
429 1927 653 2005 informatione
662 1925 808 2004 princeps
822 1934 911 1985 tanta
922 1927 1018 1987 altius
1032 1927 1168 2005 populos
1180 1925 1398 2002 supereminet,
1411 1937 1527 2006 quanta
1538 1929 1589 1988 sui
1599 1932 1757 1994 conscius.

127 2026 367 2104 Conditorisque
380 2025 569 2103 intelliqens,
586 2022 720 2095 divitiis,
743 2022 929 2093 bonoribus,
951 2027 1207 2105 voluptatumque
1221 2022 1385 2096 illecebris,
1403 2026 1516 2106 quibus
1529 2026 1632 2106 reqole
1645 2027 1758 2088 solium

127 2130 336 2209 circumfundi
343 2103 441 2202 sblet,
467 2129 667 2207 contemptis,
682 2136 709 2188 et
730 2127 913 2189 nantttares
928 2128 966 2188 de
982 2129 1145 2205 semetipsa
1171 2137 1201 2189 et
1216 2130 1410 2191 sublimiores
1427 2126 1464 2188 de
1478 2127 1584 2189 dioina
1598 2128 1758 2207 majestate

126 2229 262 2306 concipit
276 2246 393 2286 sensus.
408 2228 481 2289 Non
496 2225 670 2288 omittendo
681 2233 773 2287 crant
786 2246 827 2287 ea
838 2227 1022 2305 quoeonimo
1038 2234 1092 2286 tuo
1109 2243 1178 2288 vers
1195 2229 1281 2305 reqio
1298 2227 1451 2304 impressa
1466 2234 1551 2293 suut.
1570 2236 1654 2287 artes
1668 2229 1758 2305 inqe-

126 2347 217 2395 nuoe,·
241 2328 293 2388 sed
308 2328 364 2388 itta
381 2347 471 2407 quam
485 2329 624 2388 sanatos
636 2326 785 2404 inspirat,
810 2325 952 2385 nomana
970 2324 1141 2405 divinaque
1155 2334 1279 2386 natura
1294 2323 1412 2386 notitia
1434 2324 1493 2385 tibi
1512 2323 1639 2384 omnino
1652 2343 1759 2385 neces·

126 2427 208 2488 saria
222 2427 365 2493 videtur:
392 2426 458 2485 suis
482 2428 574 2485 etiam
595 2432 718 2501 sceptra
739 2438 806 2481 non
826 2430 932 2481 carent
945 2423 1096 2496 miseriis,
1114 2421 1229 2502 quibus
1248 2420 1500 2501 pbilosopbicum
1516 2420 1599 2483 iilud
1619 2424 1759 2484 consulis

127 2527 259 2588 Romani
273 2524 440 2586 remedium
455 2523 579 2585 utiliter
595 2529 696 2601 potest
715 2519 869 2585 adbiberi.

165 2627 312 2703 Quamvis
326 2634 427 2685 autem
440 2631 607 2703 auqnstum
622 2629 710 2682 tuum
719 2639 816 2700 penus
848 2630 876 2682 et
893 2623 1154 2702 prestantissima
1172 2630 1228 2683 tuo
1241 2624 1378 2685 eruditio
1394 2632 1421 2684 te
1433 2624 1508 2686 odeo
1523 2625 1708 2698 evenissent,
1722 2637 1759 2688 ut

125 2748 239 2788 ‹siereus
260 2727 311 2789 bic
324 2725 403 2789 iiber
414 2742 525 2804 maqno
543 2722 601 2784 tibi
618 2721 760 2800 deinceps
774 2722 847 2783 usui
862 2740 1002 2782 essenon
1016 2730 1132 2801 posset,
1147 2723 1266 2802 qronsle
1281 2733 1379 2784 tamen
1393 2731 1480 2783 tuum
1496 2725 1650 2789 1111111111
1662 2725 1756 2788 decus

126 2832 159 2894 id
173 2851 193 2890 o
210 2840 238 2890 te
252 2829 376 2890 videtur
388 2827 559 2906 postulare,
575 2823 665 2885 illam
682 2832 717 2883 ut
739 2822 855 2883 librum
872 2821 932 2884 tibi
949 2823 1011 2901 ieqi
1027 2841 1126 2889 cures.
1153 2842 1222 2885 cum
1238 2823 1318 2884 olias
1336 2824 1372 2884 ab
1389 2842 1511 2892 causas,
1539 2833 1604 2885 tau
1627 2828 1758 2890 rrsaxime

125 2939 159 2991 ut
173 2931 312 2991 Boeotus
329 2925 460 2989 Gallicis
472 2922 649 2990 academiis,
662 2941 681 2981 o
694 2921 807 3000 quibus
819 2921 893 2998 pari
920 2939 981 3000 qua
996 2922 1071 2982 olim
1081 2942 1102 2982 a
1119 2923 1269 2983 llomonis
1296 2920 1445 2984 manibus
1466 2925 1627 3007 injustitia
1642 2926 1759 2986 duasnn

125 3030 293 3100 exsulavit,
310 3035 363 3087 tuo
379 3024 477 3103 reqali
491 3022 629 3102 evemplo
645 3020 855 3087 restituatur:
870 3029 961 3097 turpe
978 3019 1126 3080 nimirum
1142 3036 1237 3099 reqno
1252 3019 1520 3083 christianissimo
1538 3039 1661 3083 suoram
1675 3023 1759 3086 bitrio

124 3132 284 3192 doctorem
313 3127 462 3205 Virqiiio‚
477 3122 634 3192 Ciceroni,
658 3120 837 3189 Aristoteli,
861 3120 1039 3201 caterisque
1058 3120 1222 3199 reliqionis
1241 3121 1426 3184 Cbristianoe
1442 3121 1582 3184 bostibus
1594 3127 1757 3203 postponi.

124 3251 220 3312 eoque
237 3231 351 3310 moqis,
376 3229 461 3308 quod
475 3225 531 3288 iile
545 3241 609 3285 non
625 3222 822 3300 intelliqendi
836 3221 959 3295 solum,
984 3223 1141 3285 sedetiam
1156 3222 1281 3285 dicendi
1300 3226 1504 3304 pravissimus
1518 3234 1630 3286 oseetor
1644 3235 1673 3286 et
1694 3218 1761 3285 ma?

62 3353 64 3359 ’
124 3335 222 3414 qister
246 3343 372 3392 nostros
397 3326 648 3390 l'bristianorum
677 3321 796 3382 scbolos
822 3320 1027 3401 affluentibus
1053 3323 1272 3383 doctrinarum
1304 3325 1441 3386 omnium
1469 3325 1569 3404 copiis
1593 3325 1758 3409 ditaverit.

124 3435 375 3498 Grammatioam.
389 3431 498 3507 faqnta
519 3423 672 3495 barbarie,
696 3432 819 3483 sanctos
831 3421 1011 3504 fabularum
1024 3442 1100 3484 usus
1114 3423 1224 3485 docuit
1240 3445 1250 3493 ,·
1264 3423 1449 3487 rbetoricam
1469 3425 1643 3487 lectissimis
1658 3424 1758 3487 verbis

124 3532 352 3611 rarissimisque
366 3526 527 3588 sententiis
539 3523 685 3592 arctavit:
701 3520 932 3601 plsilosopbiam
954 3519 1145 3586 obscuritate
1162 3523 1326 3585 liberatam
1344 3527 1390 3586 ila
1411 3526 1562 3598 excoluit,
1579 3534 1615 3586 ut
1627 3528 1757 3606 quicun-

124 3654 182 3714 que
196 3633 268 3692 buie
279 3646 390 3709 parere
406 3628 553 3702 coluerit,
578 3625 606 3684 is
620 3641 707 3684 omne
719 3625 822 3685 atatis
838 3634 955 3706 tempus
966 3627 1066 3705 possit
1077 3629 1146 3688 sine
1162 3629 1304 3690 molestia
1319 3630 1505 3706 transiqere.

166 3741 277 3800 Patere
298 3752 384 3811 erqo,
412 3735 623 3794 Sesentsuus
648 3729 823 3799 osismus,
842 3728 1234 3805 virumpariternobiiem,
1258 3731 1385 3792 doctum
1410 3739 1614 3803 mennatum,
1639 3733 1758 3810 reqiam

125 3836 260 3917 inqredi,
275 3832 390 3896 caterio
405 3829 587 3893 auctoribus
602 3829 664 3889 tuis
677 3828 893 3896 onusemerari,
913 3837 941 3886 et
956 3829 1037 3888 inter
1051 3830 1136 3896 illas.
1150 3848 1228 3910 quos
1247 3831 1281 3891 in
1295 3831 1412 3892 litteris
1427 3831 1565 3910 feliciter
1588 3834 1756 3906 consumis,

126 3957 235 4019 aperus
251 3937 309 3999 tibi
325 3933 515 3996 audiendum
528 3929 688 4008 proponi:
707 3929 906 3988 sanctitatem
920 3928 971 3988 bic
986 3947 1055 3989 cum
1075 3930 1234 3998 doctrino.
1251 3939 1417 4010 utromque
1441 3948 1509 3992 cum
1529 3932 1693 3994 nobilitate
1712 3935 1757 3994 sic

126 4041 353 4102 animadvertes
378 4038 588 4113 coniunctam.
608 4037 645 4089 at
659 4028 813 4108 quidquid
835 4028 949 4092 ibidem
969 4028 1029 4090 erit
1049 4027 1236 4104 obvium,·id
1257 4040 1391 4110 anqusta
1411 4041 1466 4091 tua
1484 4029 1569 4091 baud
1593 4032 1758 4109 indiqnum

126 4143 257 4222 oriqine',
281 4148 311 4201 et
332 4136 373 4199 ad
392 4145 476 4197 tuam
501 4128 847 4209 scicntiamaapendam
865 4139 893 4190 et
912 4130 953 4190 od
975 4149 1123 4193 eoronam
1146 4142 1305 4205 aternam,
1332 4131 1383 4193 cni
1407 4150 1494 4210 reqes
1519 4152 1620 4193 omnes
1635 4132 1759 4196 studere

126 4244 244 4310 debent.
261 4236 501 4320 consequendam
517 4232 688 4296 conducere
702 4233 875 4312 plurimum
888 4233 1000 4312 possit.
1018 4233 1148 4296 Codomi
1163 4235 1222 4296 eal.
1239 4233 1387 4301 Naremb.
1402 4253 1483 4295 anno
1502 4235 1630 4297 Domini
1646 4236 1736 4300 tots.

777 4408 1098 4494 PRAEFATlO.

161 4555 352 4623 immaturitas
363 4553 445 4608 lloetii
459 4552 541 4607 nostri
558 4548 912 4621 opecs‚prn=uanssimum
927 4553 950 4611 a
967 4545 1037 4599 nuni
1050 4545 1200 4616 Tluuiugii
1214 4563 1247 4600 au
1263 4563 1322 4616 qam
1335 4547 1427 4602 livanti
1445 4547 1538 4600 Vatinii
1561 4547 1758 4604 bisunciensis?

126 4650 383 4714 volelnrrimausqaa
396 4652 437 4698 ost
454 4643 515 4697 iltuit
531 4643 600 4714 quod
623 4641 777 4696 inscribitur
791 4638 915 4692 Cotuato·
971 4638 1060 4702 Plura,
1076 4637 1156 4691 etiam
1177 4635 1379 4707 diligentissimo
1403 4637 1564 4703 coitquisitn,
1594 4635 1686 4692 videro
1706 4653 1758 4711 uon

125 4744 162 4796 n’o
176 4740 346 4811 philosophice
380 4737 432 4792 Sed
453 4717 513 4804 quse
531 4736 662 4792 linotenus
676 4733 746 4788 edito
761 4741 823 4786 nint
838 4729 917 4799 ininius
971 4728 1054 4799 potui.
1071 4724 1123 4784 Sed
1137 4730 1195 4782 truc
1209 4732 1298 4783 omnis
1314 4738 1359 4783 uu
1374 4729 1485 4783 riticntn
1500 4736 1572 4790 sunt,
1588 4738 1632 4781 sut
1642 4727 1675 4784 nd
1686 4740 1758 4799 pate·

127 4834 216 4901 operis
227 4827 430 4889 oonuneutarin,
445 4825 502 4910 issac
517 4834 570 4878 tam
582 4824 734 4893 isnperlecm
751 4820 868 4882 inerrans,
886 4828 916 4875 ut
971 4821 1104 4877 iaciendas
1119 4820 1202 4874 Bisetii
1221 4821 1396 4889 cogitationes
1410 4820 1518 4875 asininis
1534 4818 1640 4874 idoneo.

127 4937 181 4976 11011
199 4919 332 4975 immerito
350 4918 383 4972 tid
406 4931 482 4970 ttslttn
503 4915 673 4970 serenissimi
698 4909 821 4980 Delphini
847 4923 915 4963 nova
1007 4912 1124 4969 Primum
1140 4914 1210 4967 enin}
1225 4930 1284 4984 quae
1303 4914 1334 4969 S,
1351 4914 1461 4969 quomae
1478 4913 1633 4968 tribuuntur
1648 4913 1674 4969 Ῑῃ
1691 4914 1759 4971 hans,

127 5011 229 5065 institui
242 5009 409 5063 auspicatur.
424 5007 461 5061 lle
473 5007 589 5074 antiquis
608 5007 737 5072 nonisque
751 5017 832 5073 paura
846 5017 915 5071 pru·
971 5006 1188 5061 consolationum
1202 5007 1378 5076 philosophice
1397 5005 1601 5071 conmentario,
1618 5005 1676 5060 hine
1694 5008 1758 5062 [Μή.

128 5103 232 5167 loquar.
970 5098 1031 5152 cula
1045 5108 1126 5154 suut:
1143 5114 1214 5162 narn,
1229 5108 1257 5152 ut
1272 5097 1372 5151 iultnitn
1384 5097 1516 5163 omittam,
1530 5097 1590 5165 quis
1600 5106 1758 5171 tessiforets

513 5184 533 5239 l·
971 5188 1036 5255 risa,
1051 5189 1163 5258 inqendo
1178 5190 1235 5244 tiso
1255 5187 1303 5242 lib.
1319 5203 1339 5252 ι,
1355 5205 1428 5254 quos.
1444 5189 1456 5243 1
1471 5206 1477 5241 :
1495 5186 1581 5259 tlteqs,
1606 5188 1700 5257 iuquit,
1722 5198 1758 5242 ut

161 5280 288 5347 Antiqua,
303 5279 422 5346 maasia,
437 5276 628 5332 consolationis
644 5275 851 5344 philosophicae,
869 5280 916 5328 aut
968 5279 1056 5332 civitas
1066 5278 1183 5347 Gracia,
1196 5280 1222 5331 in
1235 5294 1284 5343 qnia
1294 5279 1389 5332 statuit
1411 5281 1559 5334 Aristoteles
1571 5294 1581 5332 .·
1594 5279 1660 5332 unte
1673 5280 1758 5332 etanta

128 5388 160 5439 pa
174 5370 316 5424 insminus
329 5370 443 5423 secontia
456 5368 648 5423 ommentans
662 5380 724 5421 satu
737 5364 892 5435 imfuslects
908 5380 916 5420 t
968 5388 1014 5423 saa
1022 5370 1142 5423 dissuitur
1158 5369 1282 5426 Eleatico.
1303 5372 1440 5426 Academia
1455 5381 1539 5427 autem
1558 5373 1607 5442 fuit
1618 5372 1707 5425 ciuitas
1720 5372 1759 5426 vot
1866 5411 1880 5438 0

126 5475 187 5528 qaas
201 5463 272 5516 enim
286 5459 475 5513 commendes?
488 5473 555 5514 eosne
566 5474 625 5529 quoe
635 5457 663 5512 S.
675 5457 785 5512 'iliorum
795 5458 917 5514 tribuun-
969 5459 1040 5523 vitta,
1056 5461 1082 5512 iu
1092 5476 1142 5529 quo
1157 5459 1257 5514 striduit
1274 5460 1370 5526 Plvfa,·
1392 5464 1458 5517 assde
1475 5464 1560 5517 stettin
1573 5478 1621 5514 suo
1638 5461 1757 5534 dicessus(

128 5548 232 5604 turlan
249 5562 282 5605 en
301 5564 360 5617 qum
378 5558 440 5608 suut
463 5549 609 5621 lluymundi
636 5549 752 5602 Palasiui
784 5550 918 5607 Alliensis
972 5537 1195 5613 nestorianus
1221 5551 1279 5604 turo
1302 5550 1349 5607 lib.
1367 5568 1394 5616 a,
1421 5565 1485 5606 mes.
1504 5554 1530 5612 5,
1544 5552 1579 5605 nd
1597 5554 1647 5608 istn
1663 5553 1757 5623 nerlu,

125 5641 189 5695 dicti
204 5639 354 5702 anilcrioi?
369 5657 402 5695 nu
426 5657 485 5711 sps-o
504 5640 596 5697 tonost
622 5640 694 5694 unni
722 5640 862 5696 ascensii?
883 5658 917 5696 au
970 5641 1051 5712 Tyrio
1066 5640 1178 5694 suiseoro
1201 5655 1323 5695 conano:
1339 5640 1442 5700 Tlsirru.
1457 5642 1505 5704 nit,
1521 5652 1557 5693 est
1571 5643 1661 5697 vermis
1681 5657 1757 5713 verre·

127 5745 187 5795 quio
198 5729 308 5793 ioannis
320 5731 447 5786 &vitantii
461 5731 566 5802 belgio?
579 5747 612 5784 un
626 5746 685 5798 qum
698 5729 831 5784 Theodori
843 5730 913 5801 Sitq-
971 5748 1057 5797 nasus,
1073 5731 1099 5783 in
1114 5733 1188 5799 cnjm
1200 5731 1323 5801 sanquine
1337 5727 1469 5797 intinqiar
1487 5742 1622 5799 perpura,
1638 5748 1681 5785 sui
1692 5720 1757 5797 'lires
