3906 6180
818 302 953 360 ENNODH
974 300 1121 360 umscott
1141 302 1326 359 ‘trctuutt'Sts

355 418 430 485 Quod
443 417 526 481 laedit,
544 415 608 470 illud
623 413 745 467 dorruiat.

353 514 403 578 Qui
416 511 496 564 deute
511 522 582 562 saeuo
593 506 720 560 mandere

351 602 441 657 Certat
455 601 581 653 cubantes
594 596 707 658 lectulis,

354 695 401 748 llic
415 692 530 745 mentina
545 692 648 745 uinctus
663 690 750 757 lugeat

352 783 461 836 Pulsarc
474 794 533 833 sese
544 793 609 846 riuos
622 777 705 831 iores.

352 872 474 925 Madente
489 884 569 923 carue
580 869 689 936 spiritus

350 965 407 1019 Non
422 973 546 1018 enecetur
561 963 712 1032 naufragus.

353 1061 436 1112 0rn=·t
446 1059 532 1111 cubile
546 1057 663 1119 castitas,

353 1150 418 1218 Qum
433 1150 516 1218 prima
529 1150 653 1202 uirtutum
665 1147 746 1200 micat
759 1162 766 1197 ε

349 1239 426 1293 Vitat
439 1238 504 1293 lides
520 1240 545 1292 in
563 1229 681 1307 pectore,

353 1332 419 1400 Quo
430 1334 488 1387 luce
503 1341 596 1387 vemat
610 1329 723 1401 perpeti.

618 1429 662 1482 xt.

386 1535 488 1576 EUNUS
505 1536 534 1574 tt.
555 1536 580 1574 ΙΝ
599 1535 720 1574 aaaron!
739 1532 886 1572 rutarum.

352 1612 421 1667 Deus
434 1627 549 1677 perenne
563 1610 698 1679 gaudium,

350 1701 415 1766 Pax,
427 1700 542 1764 circlate,
556 1699 644 1754 cordis
657 1698 739 1763 aurii,

351 1793 499 1862 Pontusque
514 1791 703 1847 fluctuantium.

348 1884 431 1947 Quem
449 1898 497 1938 nec
512 1883 638 1951 procella.
655 1880 766 1935 turbidis

354 1974 381 2031 Si
394 1983 481 2029 verrat
496 1975 547 2028 ima
558 1976 682 2037 uteribus,

352 2065 442 2119 Potest
458 2068 548 2134 [ugare
562 2079 577 2118 a
589 2074 706 2134 pectore.

349 2156 400 2225 Qui
414 2170 502 2212 mersa
517 2166 599 2226 pouto
614 2155 748 2217 subieras,

352 2248 403 2316 Qui
415 2248 552 2317 subiugata
566 2248 689 2308 sarcinis.

349 2337 398 2405 Qui
412 2338 464 2392 dus
477 2336 610 2404 prophetae
626 2334 756 2404 naufragi,

352 2429 417 2483 llum
431 2427 497 2481 uiuit
508 2441 569 2481 esca
580 2426 684 2493 bellum,

351 2521 417 2574 Dum
429 2518 514 2573 nescit
528 2532 619 2586 aequor
631 2515 700 2588 quoti
716 2525 799 2583 leuet,

342 2609 445 2663 v'lutum
460 2607 546 2664 lerino
558 2617 665 2678 gutture

349 2704 463 2758 Exactor
475 2703 602 2772 abrumpe
613 2702 712 2757 cibum.

348 2793 411 2849 Diro
424 2797 548 2849 reductus
564 2795 675 2864 remige,

351 2886 468 2941 Custode
478 2886 567 2940 saluus
580 2886 710 2955 pessimo,

350 2976 429 3032 Vates
442 2977 545 3030 locutus
556 2983 583 3030 te
595 2976 678 3030 ileum

347 3067 422 3123 Tunc
432 3067 506 3137 jussa
517 3068 597 3137 gessit
613 3067 717 3123 tortior.

352 3162 487 3216 immunda
500 3162 613 3232 lymphis
624 3161 740 3216 sobriam

351 3254 402 3307 l’er
415 3253 492 3307 busta
506 3253 585 3305 terris
598 3250 701 3305 uixerat

351 3342 450 3396 Vivens
464 3342 585 3410 sepulcra
600 3343 718 3410 pertulit,

352 3432 472 3487 Viventis
484 3442 562 3487 ornet
576 3433 726 3501 prandium.

347 3526 457 3580 Secreta
469 3525 522 3578 ceti
536 3525 650 3592 prodidit

347 3618 433 3670 Testis
444 3616 574 3669 uerendus
586 3614 682 3667 intimi.

347 3708 392 3763 Sic
402 3720 451 3760 nos
463 3720 610 3775 precamur,
625 3719 670 3758 rex
685 3705 781 3768 Deus,¹

348 3801 461 3855 lloerore
476 3797 571 3851 lractos
583 3804 611 3849 ut
623 3795 711 3850 cibum

352 3891 390 3945 De
403 3897 496 3944 ventre
509 3902 631 3940 curarum
646 3902 720 3955 rape.

351 3982 420 4036 Vivit
432 3978 554 4034 medullis
568 3978 638 4045 quod
654 3989 742 4040 necat,

347 4071 498 4127 Tuebantur
513 4069 565 4122 alta
577 4068 718 4132 viscerum,

348 4163 376 4218 ln
390 4161 463 4215 ionte
476 4157 564 4214 carnis
577 4158 656 4211 artlnr
669 4161 726 4223 e'st,

348 4252 399 4319 Qui
415 4252 521 4319 mergit,
534 4249 595 4313 urit,
609 4248 692 4302 aisrclt
707 4264 715 4301 a

351 4342 404 4398 Sed
420 4342 441 4395 si
455 4354 565 4395 serenus
580 4340 687 4407 aspicis,

348 4437 474 4491 Pressura
489 4432 578 4502 gignet
592 4432 728 4500 gaudium.

610 4531 668 4585 xlt.

431 4639 532 4680 nassas
546 4638 582 4678 ur.
605 4638 637 4676 ns
657 4638 679 4675 s.
699 4637 835 4675 eranum.

349 4720 423 4776 Vatis
437 4718 560 4788 Cypriani
575 4727 600 4771 et
612 4715 736 4785 marlyris

346 4812 409 4876 Cor,
427 4809 526 4880 lingua,
539 4821 643 4871 seruans,
659 4807 773 4871 diguitas

350 4904 459 4957 Mortem
475 4902 583 4956 lerertdo
598 4901 741 4968 proiciunt.

349 4992 438 5045 vitali
450 4992 530 5045 ictum
546 5007 596 5044 nex
610 4991 691 5055 dedit,

347 5083 471 5139 Mucrone
487 5091 559 5151 parta
576 5082 620 5135 lux
637 5082 726 5135 micat.

349 5173 405 5226 ilict
416 5187 429 5226 s
444 5172 492 5226 iuit
504 5172 682 5239 pra-iulgitlus,

1047 421 1071 476 Α

1195 415 1229 468 Et
1240 430 1288 470 ore
1298 416 1372 470 dives
1386 417 1476 481 arrico,

1191 505 1329 560 'inruentis
1345 505 1413 559 trnda
1430 505 1549 576 gurgitis,

1193 595 1307 665 impacta
1319 609 1402 650 cornu
1418 594 1519 664 spicula
1595 618 1600 626 ·

1188 691 1319 749 Sermone
1335 693 1445 748 uincens
1455 692 1589 763 promulo.

1188 781 1258 850 Opes
1272 784 1381 837 verendi
1399 786 1515 851 pectoris

1188 871 1237 939 Qui
1253 874 1313 941 iure
1329 873 1435 928 (iltristo
1447 876 1570 929 reddidit.
1633 886 1635 890 ⁴

1187 959 1263 1014 Nunc
1274 976 1369 1018 munos
1382 962 1476 1030 implet
1489 964 1639 1031 pristinum,

1187 1046 1284 1102 Orator
1296 1059 1364 1115 orat,
1381 1050 1493 1114 obtinet,

1190 1136 1224 1190 Et
1234 1138 1299 1191 dura
1310 1140 1397 1194 causis
1411 1149 1548 1209 temperat.

1189 1224 1265 1279 Facit
1278 1227 1370 1281 beatos
1382 1242 1415 1282 ex
1430 1229 1493 1294 reis,

1191 1310 1304 1368 Peccata
1318 1329 1445 1384 rumpens
1458 1320 1588 1371 carmine.

1189 1400 1246 1456 Non
1258 1402 1376 1469 flamma,
1393 1420 1494 1470 carcer,
1507 1407 1642 1462 uinculum

1186 1490 1276 1546 Potest
1290 1507 1387 1549 nocere
1401 1509 1468 1564 quos
1477 1495 1562 1564 jurat.

1187 1580 1303 1635 Mactare
1315 1581 1405 1650 jussus
1420 1583 1530 1650 hostias,

1191 1668 1318 1739 Lugeuda
1332 1671 1392 1727 risit
1406 1675 1523 1730 numina.

1192 1755 1309 1812 instante
1322 1774 1383 1812 mox
1398 1761 1528 1829 periculo,

1189 1845 1266 1915 Fugit
1281 1848 1377 1916 pericla
1391 1848 1492 1905 iuuere.

1188 1936 1287 1991 Pastas
1299 1937 1423 2006 loquendi
1438 1939 1574 1994 schemate

1185 2026 1274 2081 Mores
1288 2027 1392 2081 remisit
1403 2028 1508 2094 ictibus,

1190 2112 1293 2168 Accirit
1306 2128 1385 2169 enses
1399 2115 1497 2182 laetior,

1186 2203 1316 2260 Cttrrente
1332 2205 1404 2260 letlao
1416 2207 1473 2275 plus
1486 2209 1566 2262 celer.

1185 2294 1331 2348 Proconsul
1347 2297 1355 2327 ¹
1369 2310 1429 2350 esse
1444 2297 1539 2351 saeuior

1190 2383 1316 2454 Nequivit
1330 2384 1373 2439 ille
1388 2385 1527 2452 Maximus,

1188 2476 1254 2530 Dum
1267 2475 1338 2545 quod
1352 2473 1467 2529 minatur
1480 2489 1576 2530 munus
1589 2484 1631 2528 est
1646 2490 1653 2527 a

1186 2567 1240 2622 Nec
1251 2567 1341 2621 tardat
1355 2566 1394 2621 ira
1410 2566 1495 2621 lenior

1189 2656 1326 2730 Christum,
1337 2656 1455 2712 solentes
1466 2660 1560 2712 risere.

1436 2746 1506 2802 xlii.

1268 2852 1370 2892 uranus
1389 2853 1425 2892 rc.
1447 2854 1480 2892 ns
1499 2855 1675 2893 neurecosrr.

1190 2927 1223 2982 Et
1238 2928 1289 2983 iroc
1302 2944 1445 2999 supernum
1458 2945 1579 2985 munuse
1596 2941 1614 2994 t,

1185 3018 1262 3086 Quod
1278 3020 1376 3090 linguis
1389 3020 1477 3090 lingua
1489 3021 1595 3074 militat.

1190 3112 1255 3176 Quis
1265 3126 1317 3165 non
1332 3114 1448 3167 tonantis
1462 3111 1570 3180 praemia

1191 3201 1241 3255 Per
1255 3201 1323 3255 dona
1337 3199 1456 3269 ejusdem
1473 3198 1607 3270 proterat?

1187 3290 1264 3345 Facit
1277 3290 1409 3360 loquendo
1420 3292 1463 3360 qui
1475 3295 1553 3359 sapt,

1184 3381 1295 3459 Dignum
1311 3381 1469 3451 loquaturut
1484 3381 1548 3438 neo.

1184 3470 1300 3525 infundit
1314 3485 1376 3526 ecce
1389 3470 1514 3539 Spiritus,

1188 3561 1223 3615 Et
1237 3573 1283 3614 ora
1298 3576 1390 3615 rursus
1402 3562 1517 3615 iustruit.

1185 3653 1285 3709 intrat¹
1301 3662 1412 3708 veterno
1424 3663 1532 3722 pectora

1189 3728 1339 3796 iiuisccrata
1354 3744 1456 3796 nubilo.

1185 3830 1213 3884 lu
1231 3831 1247 3886 lr
1266 3847 1281 3886 c
1295 3833 1423 3902 apostolis
1436 3833 1480 3887 die

1187 3921 1253 3974 Dum
1267 3921 1346 3974 verba
1364 3920 1478 3975 Verbum
1493 3919 1594 3986 diuidit,

1185 4010 1315 4067 Sermone
1329 4011 1420 4066 mutuli
1433 4021 1582 4082 prepotens

1185 4103 1220 4157 Et
1234 4104 1312 4157 coroa
1327 4103 1417 4158 mundi
1432 4105 1552 4158 contulit.

1184 4194 1286 4250 Summi
1302 4196 1401 4251 lerator
1415 4196 1537 4250 laudibus

1188 4285 1284 4352 Homo,
1301 4287 1379 4342 habet
1393 4301 1438 4340 ora
1454 4288 1581 4357 gentium.

1183 4376 1285 4442 Thrax,
1298 4377 1399 4440 Gallus,
1412 4377 1490 4431 lucius
1504 4394 1571 4433 uuus
1583 4389 1634 4436 ost.

1185 4464 1261 4530 Quod
1278 4464 1372 4520 blanda
1389 4466 1455 4519 ludit
1467 4466 1580 4529 Graecia,

1185 4552 1260 4620 Quod
1274 4543 1349 4606 satuit
1362 4563 1437 4607 atrox
1450 4553 1590 4607 barbarum

1185 4641 1287 4697 Stridor
1301 4639 1399 4709 Canopi
1416 4641 1571 4706 uutrmuris,

1185 4729 1282 4795 Quot·
1297 4731 1384 4799 lingua
1396 4731 1622 4793 lalrat·Partlrica,

1185 4820 1278 4874 Pectus
1290 4821 1399 4890 replerit
1413 4821 1559 4886 hospitum.

1183 4911 1271 4967 Murrdi
1286 4912 1318 4965 al
1333 4912 1444 4969 salutem
1459 4913 1574 4968 curritur
1616 4921 1620 4930 ·

1183 5001 1295 5056 Nolente
1309 5002 1409 5057 mundo
1420 5003 1528 5064 totviis.

1182 5092 1257 5159 Quod
1273 5107 1347 5148 sacra
1358 5107 1429 5148 nunc
1441 5092 1563 5147 remissio

1182 5181 1318 5238 l'asoltalis
1332 5183 1415 5237 instar
1428 5182 1519 5251 gratiae

278 5312 287 5344 ¹
303 5307 445 5362 Procoruul
457 5304 595 5375 amintes}
606 5305 726 5360 Galerius
735 5306 875 5371 llatimus,
887 5307 930 5375 oui
942 5309 1025 5375 Aspa·
1078 5328 1187 5371 ramnus
1199 5312 1329 5381 loorremlo
1344 5313 1479 5366 minimam
1494 5311 1624 5366 attulisse.

242 5382 283 5435 sio
309 5379 422 5433 Paterno
445 5378 472 5430 in
499 5377 684 5443 proconsulatu
706 5376 801 5431 atnoe
835 5392 1023 5434 successerat:
1112 5380 1861 5450 ¹veternostatuo]veternneanjecuve,provenerunt

242 5452 317 5521 onjns
337 5451 424 5502 autlim
441 5447 590 5514 Cyprianus
609 5448 737 5498 sententia
754 5462 804 5515 qrra
821 5451 897 5501 murti
917 5451 1024 5504 audiee-
1076 5460 1104 5508 et
1122 5462 1227 5507 vetusto
1246 5468 1252 5504 ε
1272 5464 1299 5503 ιιι
1318 5455 1344 5504 in
1366 5454 1545 5521 patu-gyrio»,
1572 5451 1736 5502 conuenientius
1761 5463 1861 5501 aeterno

244 5523 330 5582 batur,
355 5519 405 5572 ltoc
423 5519 507 5572 stlnru
532 5516 686 5588 respondit:
702 5517 755 5570 tiso
771 5533 881 5573 anastas
899 5536 905 5583 ;
920 5521 982 5587 qrrin
997 5530 1025 5575 et
1075 5538 1159 5576 errore
1181 5537 1322 5589 possessas,
1344 5529 1371 5574 et
1391 5519 1507 5574 dictione
1532 5522 1557 5573 in
1579 5520 1741 5581 utineam,
1767 5523 1861 5572 tctorni

242 5591 332 5657 liaatis
347 5604 392 5658 per
407 5603 499 5642 mamas
514 5600 576 5639 suas
595 5584 696 5646 oeulis.
719 5597 746 5639 ut
764 5587 872 5641 Pontius
895 5590 1023 5642 diatcnnus
1077 5592 1152 5644 Ereti
1166 5591 1271 5660 itoiiua.

242 5663 343 5720 acrrltir,
361 5675 460 5713 moram
475 5657 606 5711 carnilicis
618 5670 713 5723 urgere
727 5659 846 5710 tentabo
873 5657 911 5711 Eo
924 5668 1024 5725 spectat
1110 5659 1181 5714 'lin
1200 5676 1232 5712 aa
1251 5660 1327 5712 latrat
1350 5657 1481 5730 Parthico]
1497 5659 1524 5714 lu
1541 5660 1685 5728 paraenesi,
1705 5658 1825 5714 Pttrtlriro
1838 5668 1860 5713 et

164 5717 172 5740 ⁸
244 5729 383 5784 Etttrotlius
396 5743 454 5782 crint
474 5728 509 5781 ait
528 5728 688 5797 cyprianum
708 5741 785 5780 cuscs
807 5728 944 5792 accivisse,
967 5743 1023 5782 mo-
1075 5732 1149 5785 lutret
1162 5677 1277 5784 lsstrrlutta
1292 5730 1385 5798 aptaro.
