3906 6180
192 242 244 303 ttt

267 357 423 416 tinoreutn
438 370 528 417 rerum
544 364 621 429 ntur
632 365 685 428 est,

305 451 378 509 Unus
389 462 487 509 cuncte
496 451 644 509 ministret.

195 544 213 609 5
248 546 329 620 207
344 546 392 603 llle
405 546 481 601 dedit
493 544 710 615 verebundus,

303 638 384 695 uelit
396 647 423 694 et
435 652 537 694 cornua
552 638 635 695 tonse.

164 756 168 766 ·
266 728 543 787 lliehomiuesetiem
558 730 639 784 terris

302 820 395 886 Dedit,
408 831 436 876 et
449 820 538 877 sideru
553 821 635 878 eoelo.

266 911 316 970 ilic
325 913 423 969 claustr
435 913 564 969 membris
578 913 686 970 enimus

194 1005 231 1065 tt
301 1004 377 1064 Celsa
393 1007 459 1064 sede
476 1007 586 1078 petitos.

810 229 866 303 etl.
886 228 992 301 detti.
1005 224 1089 300 'seu
1110 220 1226 298 mum

1003 359 1032 423 Δ
1116 359 1199 430 208
1209 354 1336 412 Mortales
1349 355 1431 429 igilur
1443 358 1559 413 concise

1156 444 1217 505 Edit
1232 449 1322 506 nobile
1336 463 1456 521 germen.

1118 541 1187 609 Quid
1205 557 1299 613 genus,
1313 552 1342 598 et
1356 556 1473 614 proauos
1485 537 1621 611 suspiciet

1153 634 1181 693 Si
1197 635 1343 705 primordie
1360 644 1460 702 vestre,

1048 730 1081 784 tn·
1118 729 1320 797 Auctoremque
1335 727 1549 800 ileumspectes‚

1154 818 1249 874 Nullus
1261 817 1380 891 degener
1393 827 1490 884 eistat,

1119 908 1151 967 tlt
1168 909 1240 966 uitiis
1254 910 1345 979 pejora
1356 907 1450 964 ioueus

1156 999 1521 1073 Propriumdeserntortum.

900 1133 1192 1194 intempestiuum.

193 1258 276 1316 Deus.
289 1271 355 1312 unus
369 1251 595 1326 quiernotonrnio.
607 1250 659 1307 tlte
672 1250 742 1306 dedit
752 1249 915 1321 splendorem
927 1247 987 1325 soli,

193 1339 219 1386 et
229 1331 298 1385 tune
311 1328 407 1381 cultum
422 1326 557 1378 crescentis
569 1323 798 1384 decrementisque.
812 1320 864 1375 itte
887 1335 987 1390 quoque

194 1400 268 1457 dedit
278 1399 392 1452 lromines
410 1396 495 1461 terris,
515 1404 538 1449 et
550 1404 621 1447 ostro
632 1395 705 1450 ereio.
725 1393 772 1447 tlte
786 1393 889 1447 inclusit
901 1407 992 1451 corno·

194 1473 264 1529 ribus
289 1470 412 1524 lrrrmsnis
428 1480 525 1523 mentes
548 1477 618 1520 ortus
640 1481 674 1522 en
690 1468 746 1520 loco
770 1466 883 1520 sublimi.
899 1461 995 1516 Nolite

195 1558 348 1617 erposemen
361 1541 453 1594 emittit
473 1554 559 1593 onmes
578 1536 705 1593 renunes.
723 1539 811 1603 Quare
826 1533 997 1609 jactetisori·

1045 1250 1129 1321 wem
1140 1247 1300 1318 majoresque
1311 1255 1415 1302 uestros
1430 1248 1577 1305 mortales?
1588 1251 1611 1304 ri
1625 1253 1790 1312 consideretis
1800 1274 1847 1311 ue-

1045 1330 1131 1374 strum
1149 1320 1306 1389 prtectptnrn
1327 1326 1352 1372 et
1363 1330 1482 1374 vestrum
1498 1323 1654 1377 corrdilorem
1669 1323 1757 1386 licurn,
1773 1345 1847 1381 rrenro

1047 1402 1106 1473 unte
1115 1391 1261 1462 deponeret,
1276 1405 1354 1459 quom
1368 1391 1500 1459 pseoorsdo
1511 1396 1612 1449 rmedut
1624 1413 1640 1448 e
1651 1395 1708 1452 uso
1719 1415 1765 1452 stro
1776 1403 1847 1467 prior·

1049 1479 1127 1536 cupro.

962 1670 1079 1729 NOTAE.

231 1798 258 1854 tt.
273 1796 346 1854 Unus
366 1812 452 1851 rerum
464 1805 538 1868 poter
556 1794 615 1867 est]
629 1794 650 1849 l.
671 1793 825 1851 Generatim
840 1791 930 1846 omniu
957 1788 1034 1849 ituB
1083 1787 1111 1842 l).
1128 1786 1180 1841 lire
1194 1788 1286 1843 ctuusit
1306 1789 1558 1863 cremonensium]
1574 1788 1617 1847 tlt.
1642 1792 1714 1850 idem
1734 1795 1848 1862 homos

196 1878 285 1931 sttnte
304 1871 368 1932 lieo,
381 1878 410 1922 ut
425 1868 496 1922 Deus
507 1870 541 1921 sit
556 1867 675 1920 omniurn
688 1875 764 1935 pater
779 1883 785 1918 :
802 1873 878 1933 puter
892 1863 993 1931 quippe

197 1943 267 1999 idem
282 1950 323 1994 est
338 1940 408 2008 qnod
423 1953 502 1993 course
513 1953 565 1992 uon
577 1939 664 1992 stolum
679 1937 840 2003 producens,
853 1935 993 1990 sedetiam

197 2026 366 2071 conservens
381 2028 387 2063 ε
400 2010 470 2064 Deus
483 2024 546 2063 vcro
559 2018 600 2064 est
619 2012 739 2062 omniurn
753 2022 831 2061 censu
846 2006 994 2075 prodrrceus

197 2095 226 2142 et
239 2096 412 2138 coruscrvnns.
427 2082 494 2134 ilinc
510 2081 579 2134 [teus
594 2088 703 2134 vocatur
722 2077 800 2133 Peter
825 2093 840 2130 u
862 2077 996 2131 Christia-

198 2158 252 2220 nis,
266 2154 377 2218 inclusis,
389 2162 415 2205 et
437 2154 501 2220 ipsis
512 2153 592 2205 etiem
608 2152 743 2205 ethnicis:
764 2147 909 2203 Christiani
922 2149 994 2204 enim

198 2224 301 2283 orarrdo
314 2224 417 2287 dicunt,
435 2222 512 2274 Peter
522 2233 607 2275 noster
617 2224 659 2290 qui
672 2238 697 2274 es
710 2222 737 2274 in
751 2221 831 2283 ecelis,
843 2218 938 2273 Mettio.
954 2232 994 2270 vt.

199 2297 301 2355 ludonis
316 2295 412 2349 dicitur
431 2293 576 2347 ueutnron
600 2308 673 2345 ιιιιιιι
695 2308 702 2346 :
721 2291 846 2359 Nunqnid
869 2306 921 2343 non
940 2290 996 2352 ipse

198 2378 235 2425 est
246 2366 324 2421 Pater
335 2375 403 2427 tuus,
415 2366 458 2433 qui
471 2365 582 2432 possedit
596 2372 631 2426 te,
645 2371 669 2415 et
681 2363 740 2427 iecit
757 2372 780 2416 et
790 2360 882 2415 creauit
893 2369 926 2415 te.
943 2357 996 2412 [ie-

199 2443 281 2509 uique
296 2438 420 2491 llorutius
443 2436 495 2488 uit:
515 2433 605 2489 Gentis
620 2433 740 2488 inmune
759 2443 831 2502 peter
853 2439 928 2499 etque
951 2445 995 2481 cu-

198 2521 274 2567 stos:
294 2518 323 2632 etl
337 2508 423 2576 Vrrq„
447 2506 526 2561 Peter
546 2508 600 2575 ipse
615 2505 716 2560 colendi
740 2503 809 2559 ised
824 2501 928 2574 fusilem
940 2516 995 2557 esse

199 2580 370 2639 eiumnonit.

237 2652 264 2708 5.
286 2651 337 2704 lile
364 2649 435 2703 dedit
458 2644 555 2701 Piroeio
578 2642 756 2718 rndios.]eSol
782 2645 869 2713 poetis
883 2652 995 2698 vocetur

200 2722 312 2779 Pioelrus
326 2736 341 2774 e
356 2720 447 2787 specte
462 2729 488 2771 et
501 2725 610 2773 nitore:
634 2719 721 2792 quidne
744 2719 815 2772 enim
841 2715 996 2787 adjectivum

200 2805 242 2850 est
255 2793 417 2861 splendidus,
434 2790 545 2855 lucidus,
559 2806 648 2855 purum.
661 2790 717 2844 Soli
732 2796 820 2843 eutem
838 2787 907 2841 Deus
921 2785 995 2841 dedit

199 2866 291 2922 rudius
307 2879 313 2916 :
332 2860 453 2932 quamuis
467 2860 538 2917 eninr
552 2875 568 2914 a
583 2860 741 2930 corporibus
752 2859 839 2914 ebriis
850 2858 891 2912 sol
902 2855 994 2911 vides·

201 2945 245 2992 tur
256 2934 365 2997 hebere,
383 2931 454 2999 quod
470 2931 520 2985 troc
533 2931 574 2986 rel
589 2930 637 2985 illo
650 2929 730 2985 modo
752 2930 851 2994 lucent,
872 2927 943 2983 idem
956 2936 996 2981 tu·

200 3020 263 3063 rnen
278 3021 293 3059 u
306 3007 365 3060 solo
383 3002 436 3058 lleo
451 3001 545 3069 hebet,
559 3001 629 3127 quood
646 3000 742 3056 irruent.
759 3000 868 3056 Scilicet
878 2999 932 3054 duo
945 2998 995 3053 ob·

201 3077 304 3134 serveri
320 3085 431 3145 possunt
447 3075 476 3128 in
498 3088 561 3127 mun
582 3070 764 3127 oedectorum
778 3086 876 3143 genero
892 3086 900 3124 s
914 3084 995 3141 gene·

202 3149 269 3205 relic
282 3143 496 3217 nosocomum,
508 3153 537 3199 ut
551 3143 664 3199 berbece
675 3146 819 3214 loquuntur
831 3139 994 3210 philosophi,

201 3217 394 3293 perricnlorio:
421 3217 541 3285 priorum
565 3216 707 3284 generetis.
736 3214 915 3285 posteriorum
933 3226 999 3267 reru

203 3289 347 3361 peculiaris
358 3300 438 3343 ceusu
453 3286 597 3355 querenda
612 3296 663 3339 est.
686 3284 731 3342 Sic
745 3285 873 3352 querenti
888 3299 936 3340 cur
955 3298 1000 3338 me

203 3363 329 3429 loquente
342 3358 449 3412 auditor
463 3369 610 3422 movemur,
625 3357 841 3426 congerendis,
856 3354 904 3410 sed
919 3369 999 3423 pecu·

204 3428 280 3486 lieris
293 3442 373 3484 cuusn
388 3427 533 3492 efferenda,
550 3437 578 3479 ut
598 3429 669 3497 qnod
682 3441 756 3482 uera
779 3440 840 3481 meo
851 3440 898 3481 ore
910 3425 943 3480 ed
959 3425 995 3479 il-

204 3501 257 3556 lius
269 3514 348 3554 eures
362 3499 534 3552 continuatus
548 3498 614 3551 meis
626 3499 805 3565 pulmonibus.
817 3497 918 3569 lingue,
933 3495 1000 3551 den·

204 3573 288 3637 tibus,
302 3579 330 3625 et
350 3568 432 3623 labris
456 3569 496 3621 sic
510 3576 659 3632 morentur,
684 3579 713 3622 ut
730 3568 914 3623 eodernsures
926 3566 1000 3622 nudi·

205 3643 272 3698 toris
287 3648 518 3696 commoveantur.
534 3638 568 3692 At
582 3641 712 3707 querenti
728 3654 775 3692 cur
798 3647 933 3693 commoto
951 3653 1000 3693 uu·

205 3712 301 3770 ditonis
325 3709 439 3766 cerebro
468 3710 643 3778 cogitationes
671 3710 699 3764 iu
723 3708 844 3778 ejusdem
871 3708 1000 3763 auditoris

205 3792 297 3839 mente
307 3785 466 3837 excitentur:
485 3794 537 3834 nou
550 3780 701 3848 peculiaris.
716 3783 763 3834 sed
774 3780 908 3850 generetis
919 3794 999 3833 ceusu

205 3854 363 3923 responderi
378 3852 468 3908 delict.
493 3842 621 3907 Similiter
635 3851 765 3920 quaerenti
786 3867 834 3905 cur
860 3853 906 3906 iris
927 3851 1000 3906 mille

206 3926 295 3981 tralrut
307 3925 396 3978 uarios
409 3922 523 3977 adverso
538 3924 594 3977 sole
611 3922 726 3988 colores,
742 3937 823 3979 ceusu
844 3923 998 3990 peculiaris,

206 4010 305 4064 nempe
317 3994 406 4065 pluvia
418 3993 517 4048 cadeus
531 3993 708 4062 respondetur
724 4013 729 4045 :
745 3995 792 4048 sed
806 3995 936 4063 quaerenti
952 4007 1001 4047 cur

206 4066 247 4122 sol
261 4066 350 4121 radios
364 4066 461 4124 uritur.
475 4078 556 4119 cerusa
571 4065 713 4132 qeneretts.
727 4064 854 4120 nimirum
871 4063 942 4120 licus
956 4079 1001 4132 op

206 4138 272 4195 time
286 4136 416 4192 redditur.
431 4135 474 4189 Sis
488 4135 559 4188 licus

243 4210 271 4267 tt.
279 4205 356 4262 iledir
368 4216 391 4260 et
401 4221 497 4260 cernuo
508 4203 599 4275 lurum]
607 4205 691 4272 Luna,
703 4206 773 4277 quod
786 4207 843 4262 lucc
855 4205 890 4263 sit
902 4220 1001 4274 corpus

206 4293 331 4351 opacum,
346 4277 435 4332 iutnen
450 4292 464 4329 u
477 4276 534 4332 sole
544 4286 683 4346 acceptum
695 4278 732 4332 ite
743 4279 867 4346 remittit,
881 4286 911 4332 ut
921 4277 1001 4333 modu

206 4364 344 4416 crescens,
359 4348 439 4402 modo
448 4347 620 4413 decrescens,
635 4347 716 4404 modo
724 4350 819 4413 silens,
832 4348 912 4405 modo
924 4351 1001 4417 pierre

206 4421 329 4479 sidentur
343 4436 350 4472 ε
366 4420 423 4474 siue
437 4430 465 4473 ut
479 4418 517 4473 ait
537 4417 650 4483 Plinius,
673 4421 748 4473 orode
767 4429 872 4474 curoutu
897 4420 925 4474 in
949 4435 1002 4473 cor·

206 4508 275 4559 mue,
301 4491 377 4545 modo
392 4505 464 4560 oequu
478 4489 593 4560 portione
606 4490 699 4557 diuiso,
715 4489 791 4545 modo
805 4491 906 4546 rtnnnn
920 4492 946 4545 in
960 4506 1002 4544 or·

206 4565 272 4633 irem,
299 4562 430 4617 maculoso
450 4561 587 4631 eodemque
605 4563 688 4615 sclito
716 4562 853 4633 prenitens
877 4564 1000 4617 immenso

206 4634 266 4690 orie
280 4634 357 4705 pleno
370 4648 401 4686 nc
415 4641 518 4699 repente
527 4631 610 4686 nullu.
625 4631 698 4702 virg.
715 4648 742 4688 ru
755 4628 832 4699 AEu,
848 4644 873 4686 v.
890 4633 962 4689 ete:

267 4722 351 4774 Tertia
359 4725 409 4786 jem
420 4721 485 4772 luuae
494 4734 523 4771 se
536 4734 627 4772 corum
639 4721 731 4773 lumine
743 4722 875 4786 complent.

205 4806 308 4867 Verum
319 4807 390 4878 quod
405 4820 502 4876 corpus
513 4805 579 4861 illud
590 4821 701 4875 opaeum
713 4807 802 4862 lumen
818 4807 858 4864 sic
870 4809 1000 4874 remittet,

205 4878 258 4937 troc
280 4890 308 4934 ut
321 4886 383 4948 potu
396 4876 520 4932 ellectum
542 4878 667 4944 generale
685 4878 740 4933 [leo
762 4890 888 4949 tunquam
912 4894 1001 4935 estmoe

207 4948 329 5022 generali
343 4957 482 5015 acceptum
502 4947 597 5003 referri
612 4946 706 5004 debet.

245 5016 466 5077 titulumne
480 5019 553 5072 terris
577 5018 671 5092 dedit]
681 5018 713 5074 tt.
732 5019 878 5089 Specietim
895 5021 1000 5078 lromoe

205 5090 263 5147 Deo
275 5098 400 5157 tunquam
412 5101 427 5140 a
442 5099 517 5157 putre
529 5089 626 5154 oritur,
648 5092 763 5158 primum
778 5091 885 5160 quidem
897 5093 1002 5149 ruuoue

204 5157 475 5301 ‘trutinetur
494 5159 731 5285 ιθιιιι-ιιι
754 5162 1003 5287 ιιιιιίαι

204 5248 231 5287 ιιι
398 5248 456 5283 ι..
488 5246 495 5283 :
625 5248 633 5284 r
680 5248 781 5288 sensus
817 5249 863 5287 eus
892 5250 1001 5288 omnnem

204 5304 236 5361 rte
249 5302 311 5357 limo
324 5298 422 5370 tene),
448 5314 501 5354 non
523 5314 600 5356 secus
614 5316 646 5357 sc
659 5304 749 5359 sidere
761 5319 795 5359 ex
808 5305 877 5361 soelo
887 5305 999 5360 formate

203 5376 232 5431 in
247 5374 316 5430 coelo
329 5374 416 5441 posuit
429 5388 437 5423 ι
453 5371 551 5426 Gencs.
564 5389 573 5427 ι
588 5368 727 5443 :Fecitqee
739 5374 807 5430 iisse
819 5379 871 5430 duo
887 5378 1000 5431 lumine·

204 5445 245 5500 rie
256 5459 362 5512 moeno,
373 5442 499 5497 turninorc
513 5446 607 5516 majus,
623 5457 651 5498 ut
667 5458 783 5517 preesset
801 5448 869 5514 diei,
886 5462 909 5502 et
924 5448 1001 5503 tunsi·

204 5516 375 5579 cummines,
388 5522 416 5567 ut
440 5529 559 5586 preesset
574 5516 652 5577 nocti.
678 5531 701 5570 es
726 5517 825 5574 stelias.
849 5519 916 5573 iiiuc
931 5519 1000 5588 psat.

204 5598 290 5642 cxtts:
308 5584 404 5640 Culum
418 5585 474 5638 eceli
499 5586 620 5650 vorstius,
645 5594 737 5641 terrum
753 5598 838 5643 outern
858 5591 927 5644 dedit
940 5591 1002 5660 filiis

205 5652 348 5713 lominum.
359 5655 429 5723 Quin
444 5655 502 5725 ipsc
516 5656 663 5723 Tullius‚.qr
678 5659 712 5712 de
727 5659 786 5713 Not.
802 5661 925 5725 deorum,
942 5660 1002 5716 lio·

205 5728 298 5854 ιιιξιιαί,
311 5727 409 5798 inquit,
429 5726 507 5782 dumo
528 5727 632 5784 eeeitttti
645 5729 720 5798 quusi
734 5733 845 5789 cultores
855 5741 930 5788 terroe
944 5749 1003 5788 corr·

1051 1858 1243 1928 ueornnqnom
1257 1876 1272 1915 a
1286 1869 1361 1929 putre
1384 1863 1471 1916 etitrrr
1496 1864 1577 1917 etium
1607 1866 1711 1921 ratione
1738 1872 1848 1942 mentis,

1049 1931 1227 2000 quippequae,
1246 1946 1307 1986 cunr
1328 1931 1408 2002 hujus
1423 1935 1495 1987 nulle
1513 1935 1559 1998 sit.
1584 1936 1636 1989 nisi
1651 1938 1769 1994 exterior
1782 1958 1848 2000 cnu-

1050 2016 1078 2056 su
1089 2046 1096 2070 ‚
1109 2001 1211 2071 jndicio
1225 2002 1444 2072 philosophorum
1460 2016 1560 2060 creetur
1573 2022 1583 2062 .·
1596 2007 1680 2063 solius
1691 2019 1780 2067 sutem
1799 2016 1847 2072 liei

1049 2080 1094 2127 est
1105 2088 1193 2128 neore
1206 2088 1216 2129 .·
1231 2075 1294 2130 iiiuc
1312 2072 1483 2144 Philosophia
1500 2090 1571 2133 nnuc
1584 2077 1649 2132 dicit
1663 2082 1763 2136 enimes
1779 2084 1848 2146 ceis'u

1048 2145 1218 2213 sedepetr'tos.
1234 2147 1409 2222 Nequeuero
1422 2162 1520 2216 corpus
1538 2159 1565 2202 et
1590 2165 1666 2204 meus
1692 2152 1808 2210 lrumonu
1832 2176 1848 2215 a

1050 2216 1106 2270 lleo
1120 2217 1209 2271 solum
1222 2227 1357 2282 creamur,
1370 2219 1418 2272 sed
1431 2234 1445 2271 n
1470 2218 1525 2274 tteo
1536 2222 1618 2275 ueluti
1641 2237 1655 2273 u
1668 2237 1748 2277 course
1763 2242 1848 2295 gerre-

1049 2287 1098 2340 rnli
1112 2295 1207 2341 mutuo
1221 2288 1440 2359 conjunguntur:
1464 2294 1596 2360 querenti
1621 2293 1693 2348 enisu
1708 2311 1757 2350 cnr
1771 2315 1848 2358 orrens

1049 2359 1324 2427 lrumunaeliquuudo
1348 2370 1377 2415 et
1390 2361 1544 2430 aliquandiu
1572 2378 1632 2418 eum
1657 2379 1771 2434 corpore
1797 2373 1848 2428 lru.

1050 2443 1130 2484 mauu
1141 2428 1331 2500 conjungetur,
1349 2433 1421 2486 nullu
1434 2433 1487 2487 sliu
1504 2435 1638 2503 generalis
1654 2434 1743 2492 elicrri
1759 2453 1849 2510 potere

1049 2515 1141 2570 curros,
1158 2503 1208 2556 ruisi
1224 2502 1347 2557 voluutas
1358 2503 1416 2570 liei,
1427 2505 1472 2573 qui
1481 2506 1573 2558 orrrrrio
1582 2521 1740 2577 quecunque
1753 2514 1846 2583 contr,

1049 2573 1110 2644 tecit
1126 2578 1152 2625 r'n
1165 2572 1227 2628 creto
1237 2581 1260 2627 et
1275 2575 1303 2627 in
1316 2582 1394 2635 terro.
1420 2576 1487 2643 psal.
1499 2591 1577 2632 curru.
1595 2577 1756 2645 illusimus,
1771 2583 1847 2654 junqi.

1048 2643 1290 2714 ctoplritosoplrtae,
1312 2643 1533 2701 ctonn'rnentnte
1555 2648 1662 2703 eremos.
1678 2650 1847 2725 Lactantius,

1049 2714 1068 2769 1.
1085 2716 1163 2769 tDiv.
1179 2716 1282 2779 iustit.‚·
1296 2731 1355 2784 cup.
1372 2716 1403 2770 2!
1422 2734 1430 2770 ι
1453 2715 1640 2788 Corpusculum
1665 2722 1724 2784 lroc.
1741 2727 1846 2794 inquit,

1047 2802 1097 2911 xeo
1108 2786 1191 2840 induti
1204 2802 1302 2852 sumus,
1322 2788 1433 2842 nominis
1443 2790 1632 2857 receptaculum
1645 2804 1691 2846 est.
1712 2793 1782 2851 Num
1793 2801 1849 2864 ipse

1068 2870 1125 2910 onre
1142 2873 1222 2927 neque
1242 2860 1314 2929 teupi
1335 2875 1440 2930 ,nsque
1456 2861 1548 2931 espiri,
1569 2879 1648 2933 neque
1667 2873 1848 2932 conprensum·

1048 2937 1139 3000 potest,
1151 2930 1210 2999 quio
1225 2930 1285 2985 lutet
1297 2930 1368 2984 intro
1380 2931 1428 2985 troc
1441 2933 1509 2999 quod
1521 2932 1631 2988 uidetur.
1645 2932 1785 2994 Clsudinn.
1801 2946 1819 2994 l.
1836 2958 1847 2999 ι

1047 3000 1083 3124 {le
1111 2998 1198 3067 Remu
1225 3000 1364 3071 Proserp„
1384 3016 1409 3056 ι.
1435 3001 1482 3068 55.
1513 3005 1615 3062 inducit
1641 3002 1780 3064 Lachesin
1805 3013 1846 3071 sio

1060 3080 1229 3143 oquentem:

1407 3229 1635 3285 Omerimenoctis

1097 3291 1209 3361 Arbiter,
1222 3292 1414 3357 umbrarumque
1425 3303 1524 3358 potens,
1535 3298 1575 3348 cul
1587 3306 1667 3348 nostru
1678 3299 1789 3355 taboram

1097 3352 1218 3413 Strenuum
1231 3355 1273 3418 qul
1284 3354 1356 3404 tinem
1368 3357 1463 3405 conctis
1475 3364 1503 3408 et
1512 3360 1608 3408 semim
1618 3362 1726 3426 prebes,

1098 3415 1271 3479 liuscendique
1285 3419 1351 3466 rtccs
1362 3415 1456 3467 alterne
1472 3429 1551 3470 morte
1561 3424 1690 3494 rependis;

1097 3478 1143 3536 Qui
1155 3479 1227 3528 vitem
1240 3476 1307 3528 lethu
1368 3493 1383 3528 e
1396 3482 1464 3543 regis
1478 3485 1677 3547 :neurqnnlquid
1688 3488 1765 3552 ubiqu

1097 3540 1185 3604 Glgnit
1196 3542 1325 3602 materies,
1396 3550 1424 3591 te
1432 3542 1540 3592 donante
1551 3552 1660 3609 creetur,

1098 3601 1263 3664 Detreturque
1274 3604 1328 3664 siut,
1340 3607 1468 3666 certisque
1480 3608 1623 3671 smlrsgllrus
1634 3612 1681 3659 :erl

1097 3663 1192 3716 liutem
1201 3677 1335 3728 mrporeos
1346 3671 1434 3716 uultum
1446 3668 1578 3719 mittuntur
1589 3673 1613 3720 in
1623 3678 1698 3723 setus.

1087 3816 1132 3871 ii.
1162 3815 1287 3870 ilortoles
1310 3824 1415 3870 cunctos
1433 3816 1488 3871 edit
1507 3817 1591 3873 uolriie
1612 3822 1737 3897 peronem]
1769 3824 1847 3892 Quod

1052 3903 1162 3960 germen
1174 3888 1247 3942 sites
1262 3888 1406 3952 preeuntis
1416 3888 1551 3952 effectum.
1566 3898 1594 3944 et
1609 3894 1749 3949 subeuntis
1763 3910 1845 3957 course

1052 3959 1185 4026 corporis,
1205 3957 1305 4013 idcirco
1318 3958 1398 4011 uideo
1420 3960 1556 4025 duplicem
1574 3974 1636 4016 esse
1658 3962 1738 4033 liujus
1754 3977 1847 4024 textus

1053 4029 1313 4095 interpretationem.
1336 4030 1422 4083 l’rime
1438 4039 1480 4084 est
1492 4029 1627 4086 Tlreodori
1643 4033 1772 4092 Siremeni
1782 4081 1789 4098 .
1800 4041 1847 4109 qut

1052 4102 1197 4156 arbitratus
1207 4114 1317 4171 geresten
1331 4098 1545 4170 nocrtgniucare
1555 4103 1686 4170 sonuum,
1704 4108 1741 4161 sit
1756 4111 1848 4169 nobile

1051 4187 1162 4242 gumen
1175 4186 1235 4226 esse
1253 4171 1460 4240 oppositionem,
1480 4183 1512 4228 ut
1529 4173 1695 4245 significetur
1711 4179 1790 4246 Dens,
1812 4183 1847 4238 de

1053 4258 1108 4314 quo
1121 4243 1148 4297 in
1170 4242 1353 4310 superioribus
1365 4243 1487 4297 versibus
1514 4246 1611 4314 egitur,
1634 4248 1716 4304 edere
1742 4261 1848 4309 ceneten

1052 4313 1184 4378 mortales,
1197 4314 1242 4381 qui
1265 4313 1393 4367 mucules
1406 4325 1469 4370 suns
1483 4316 1568 4369 netdc
1582 4330 1696 4388 pumen,
1712 4323 1784 4392 qnod
1798 4339 1848 4392 po·

1054 4395 1107 4440 test
1120 4384 1274 4440 conlirmeri
1300 4397 1333 4438 eu
1353 4398 1388 4439 eo
1413 4384 1484 4455 quod
1499 4400 1602 4459 permen
1620 4392 1696 4457 quusi
1716 4395 1845 4464 perimere,

1054 4458 1158 4512 dicetur
1170 4456 1196 4510 ld
1205 4455 1427 4524 quodensemiue
1436 4473 1484 4527 qen
1495 4465 1547 4512 ter.
1564 4458 1653 4515 sltem
1664 4464 1842 4533 solatiorum,

1015 4529 1099 4621 ani
1113 4536 1236 4595 putentes
1257 4540 1368 4608 gumen
1389 4527 1432 4582 itte
1445 4528 1598 4598 etqntttoere
1624 4532 1782 4602 principium
1800 4536 1845 4592 di-

1054 4608 1120 4654 cunt
1133 4612 1193 4653 esse
1218 4608 1360 4668 spumeum,
1377 4613 1457 4669 quem
1475 4601 1642 4668 grammatici
1660 4603 1751 4660 dicunt
1766 4609 1846 4662 nomi·

1053 4670 1132 4724 nerei
1147 4678 1170 4723 et
1191 4671 1268 4734 enti,
1283 4678 1313 4723 ut
1334 4670 1500 4740 significetur
1520 4672 1618 4726 corollis
1640 4674 1717 4744 erigo
1744 4690 1846 4733 morte·

1054 4743 1118 4797 lium
1132 4757 1140 4794 ι
1154 4739 1224 4811 quod
1239 4750 1327 4809 potest
1338 4741 1491 4794 crrnllrmeri
1507 4742 1587 4797 etiem
1603 4757 1636 4798 en
1649 4759 1683 4800 eo
1700 4750 1771 4817 quod
1792 4764 1847 4821 ner.

1053 4828 1111 4868 nun
1121 4812 1196 4879 (qussi
1208 4812 1320 4882 qeimeu
1339 4809 1446 4867 dicetur
1461 4812 1532 4882 quod
1550 4812 1671 4869 sobolem
1692 4820 1763 4889 gerit
1778 4838 1784 4873 :
1798 4822 1846 4877 sed

1054 4883 1182 4953 quidquid
1197 4890 1231 4938 sit
1249 4883 1283 4938 de
1295 4892 1407 4950 utruque
1427 4882 1477 4937 hee
1490 4882 1607 4939 nominis
1621 4885 1702 4955 liujus
1714 4889 1847 4960 interpre-

1054 4957 1155 5011 tatione
1190 4954 1324 5023 posterior
1336 4953 1470 5009 senlentiu
1495 4955 1571 5010 nobis
1586 4955 1691 5013 uidetur
1706 4964 1805 5017 rectius
1819 4972 1847 5018 et

1053 4995 1178 5081 concludi
1192 5039 1225 5080 er
1238 5023 1327 5090 dictis.
1340 5033 1367 5079 et
1387 5029 1465 5079 stetul
1509 5040 1540 5080 ro
1554 5027 1686 5096 principio
1704 5035 1794 5087 statim
1809 5033 1846 5088 di·

1053 5098 1211 5152 cendorum.
1227 5092 1309 5165 Quasi
1323 5093 1422 5151 dixerit
1437 5040 1609 5166 Pntsssopnn
1624 5114 1631 5152 ε
1644 5099 1712 5156 Cum
1723 5102 1847 5159 tornines

1052 5180 1147 5222 omnes
1159 5181 1221 5221 curn
1243 5166 1349 5223 ratione
1362 5167 1484 5236 corporis
1497 5168 1662 5239 mentisque,
1683 5179 1738 5226 turn
1765 5175 1845 5230 etiem

1052 5238 1156 5293 retione
1173 5246 1272 5291 mortue
1293 5237 1386 5293 herum
1408 5239 1523 5308 pertinum
1538 5240 1738 5307 corrjuuctiouie
1758 5244 1846 5300 elleo

1052 5310 1182 5368 orientur.
1194 5316 1333 5378 propterea
1345 5309 1466 5364 homines
1480 5324 1602 5365 omunsa
1618 5312 1786 5369 uoltilissimo
1802 5331 1846 5383 pe-

1051 5390 1128 5435 rcute
1148 5379 1271 5435 oriuntur
1287 5397 1294 5433 ι
1310 5393 1393 5451 quare
1419 5378 1499 5435 iidem
1526 5383 1658 5448 nomines,
1684 5389 1846 5456 contemptis

1055 5466 1146 5522 periere
1158 5457 1186 5504 et
1198 5450 1300 5520 proauis
1320 5451 1502 5520 terrestribus,
1528 5452 1688 5509 nrrbilissimi
1703 5467 1777 5521 suot,
1796 5460 1846 5518 uisi

1055 5520 1264 5590 uitiirprsprium
1290 5521 1407 5577 ennon
1430 5535 1526 5577 ortum.
1554 5522 1631 5578 surse
1656 5541 1722 5598 ergo
1741 5542 1846 5586 usserm-

1056 5595 1148 5664 priene
1168 5593 1306 5658 tolluntur,
1322 5594 1367 5663 qui
1385 5607 1463 5661 quarn
1489 5598 1585 5651 summi
1608 5595 1669 5653 boni
1691 5601 1846 5659 naturaliter

1057 5673 1158 5720 norunt
1171 5672 1361 5734 nummumque,
1376 5665 1553 5731 nobilitatem,
1569 5667 1636 5724 irunc
1647 5669 1674 5724 iu
1687 5670 1747 5726 sola
1762 5671 1845 5743 meio·

1057 5752 1117 5789 rom
1132 5737 1284 5792 morutium
1300 5734 1509 5792 nonittnmrerte
1520 5737 1623 5796 versent
1634 5749 1745 5814 ριιιιιιις
1756 5756 1844 5820 super

1058 5817 1120 5866 suut
1134 5808 1284 5887 voluptates
1298 5807 1429 5883 conpone.
